<ENVELOPE>
    <HEADER>
        <TALLYREQUEST>Import Data</TALLYREQUEST>
    </HEADER>
    <BODY>
        <IMPORTDATA>
            <REQUESTDESC>
                <REPORTNAME>Vouchers</REPORTNAME>
                <STATICVARIABLES>
                    <SVCURRENTCOMPANY>900 Entries Only</SVCURRENTCOMPANY>
                </STATICVARIABLES>
            </REQUESTDESC>
            <REQUESTDATA>
                <TALLYMESSAGE xmlns:UDF="TallyUDF">
                    <VOUCHER REMOTEID="5752dbcc-49e6-4e0d-8d30-7319a891a042-000003b0" VCHKEY="5752dbcc-49e6-4e0d-8d30-7319a891a042-0000ad10:00000028" VCHTYPE="Journal" ACTION="Create" OBJVIEW="Accounting Voucher View">
                        <OLDAUDITENTRYIDS.LIST TYPE="Number">
                            <OLDAUDITENTRYIDS>-1</OLDAUDITENTRYIDS>
                        </OLDAUDITENTRYIDS.LIST>
                        <DATE>20210419</DATE>
                        <GUID>5752dbcc-49e6-4e0d-8d30-7319a891a042-000003b0</GUID>
                        <VOUCHERTYPENAME>Journal</VOUCHERTYPENAME>
                        <VOUCHERNUMBER>1</VOUCHERNUMBER>
                        <CSTFORMISSUETYPE/>
                        <CSTFORMRECVTYPE/>
                        <FBTPAYMENTTYPE>Default</FBTPAYMENTTYPE>
                        <PERSISTEDVIEW>Accounting Voucher View</PERSISTEDVIEW>
                        <VCHGSTCLASS/>
                        <VOUCHERTYPEORIGNAME>Journal</VOUCHERTYPEORIGNAME>
                        <DIFFACTUALQTY>No</DIFFACTUALQTY>
                        <ISMSTFROMSYNC>No</ISMSTFROMSYNC>
                        <ASORIGINAL>No</ASORIGINAL>
                        <AUDITED>No</AUDITED>
                        <FORJOBCOSTING>No</FORJOBCOSTING>
                        <ISOPTIONAL>No</ISOPTIONAL>
                        <EFFECTIVEDATE>20210419</EFFECTIVEDATE>
                        <USEFOREXCISE>No</USEFOREXCISE>
                        <ISFORJOBWORKIN>No</ISFORJOBWORKIN>
                        <ALLOWCONSUMPTION>No</ALLOWCONSUMPTION>
                        <USEFORINTEREST>No</USEFORINTEREST>
                        <USEFORGAINLOSS>No</USEFORGAINLOSS>
                        <USEFORGODOWNTRANSFER>No</USEFORGODOWNTRANSFER>
                        <USEFORCOMPOUND>No</USEFORCOMPOUND>
                        <USEFORSERVICETAX>No</USEFORSERVICETAX>
                        <ISDELETED>No</ISDELETED>
                        <ISONHOLD>No</ISONHOLD>
                        <ISBOENOTAPPLICABLE>No</ISBOENOTAPPLICABLE>
                        <ISEXCISEVOUCHER>No</ISEXCISEVOUCHER>
                        <EXCISETAXOVERRIDE>No</EXCISETAXOVERRIDE>
                        <USEFORTAXUNITTRANSFER>No</USEFORTAXUNITTRANSFER>
                        <IGNOREPOSVALIDATION>No</IGNOREPOSVALIDATION>
                        <EXCISEOPENING>No</EXCISEOPENING>
                        <USEFORFINALPRODUCTION>No</USEFORFINALPRODUCTION>
                        <ISTDSOVERRIDDEN>No</ISTDSOVERRIDDEN>
                        <ISTCSOVERRIDDEN>No</ISTCSOVERRIDDEN>
                        <ISTDSTCSCASHVCH>No</ISTDSTCSCASHVCH>
                        <INCLUDEADVPYMTVCH>No</INCLUDEADVPYMTVCH>
                        <ISSUBWORKSCONTRACT>No</ISSUBWORKSCONTRACT>
                        <ISVATOVERRIDDEN>No</ISVATOVERRIDDEN>
                        <IGNOREORIGVCHDATE>No</IGNOREORIGVCHDATE>
                        <ISVATPAIDATCUSTOMS>No</ISVATPAIDATCUSTOMS>
                        <ISDECLAREDTOCUSTOMS>No</ISDECLAREDTOCUSTOMS>
                        <ISSERVICETAXOVERRIDDEN>No</ISSERVICETAXOVERRIDDEN>
                        <ISISDVOUCHER>No</ISISDVOUCHER>
                        <ISEXCISEOVERRIDDEN>No</ISEXCISEOVERRIDDEN>
                        <ISEXCISESUPPLYVCH>No</ISEXCISESUPPLYVCH>
                        <ISGSTOVERRIDDEN>No</ISGSTOVERRIDDEN>
                        <GSTNOTEXPORTED>No</GSTNOTEXPORTED>
                        <IGNOREGSTINVALIDATION>No</IGNOREGSTINVALIDATION>
                        <ISGSTREFUND>No</ISGSTREFUND>
                        <ISGSTSECSEVENAPPLICABLE>No</ISGSTSECSEVENAPPLICABLE>
                        <ISVATPRINCIPALACCOUNT>No</ISVATPRINCIPALACCOUNT>
                        <IGNOREEINVVALIDATION>No</IGNOREEINVVALIDATION>
                        <IRNJSONEXPORTED>No</IRNJSONEXPORTED>
                        <IRNCANCELLED>No</IRNCANCELLED>
                        <ISSHIPPINGWITHINSTATE>No</ISSHIPPINGWITHINSTATE>
                        <ISOVERSEASTOURISTTRANS>No</ISOVERSEASTOURISTTRANS>
                        <ISDESIGNATEDZONEPARTY>No</ISDESIGNATEDZONEPARTY>
                        <ISCANCELLED>No</ISCANCELLED>
                        <HASCASHFLOW>No</HASCASHFLOW>
                        <ISPOSTDATED>No</ISPOSTDATED>
                        <USETRACKINGNUMBER>No</USETRACKINGNUMBER>
                        <ISINVOICE>No</ISINVOICE>
                        <MFGJOURNAL>No</MFGJOURNAL>
                        <HASDISCOUNTS>No</HASDISCOUNTS>
                        <ASPAYSLIP>No</ASPAYSLIP>
                        <ISCOSTCENTRE>No</ISCOSTCENTRE>
                        <ISSTXNONREALIZEDVCH>No</ISSTXNONREALIZEDVCH>
                        <ISEXCISEMANUFACTURERON>No</ISEXCISEMANUFACTURERON>
                        <ISBLANKCHEQUE>No</ISBLANKCHEQUE>
                        <ISVOID>No</ISVOID>
                        <ORDERLINESTATUS>No</ORDERLINESTATUS>
                        <VATISAGNSTCANCSALES>No</VATISAGNSTCANCSALES>
                        <VATISPURCEXEMPTED>No</VATISPURCEXEMPTED>
                        <ISVATRESTAXINVOICE>No</ISVATRESTAXINVOICE>
                        <VATISASSESABLECALCVCH>No</VATISASSESABLECALCVCH>
                        <ISVATDUTYPAID>Yes</ISVATDUTYPAID>
                        <ISDELIVERYSAMEASCONSIGNEE>No</ISDELIVERYSAMEASCONSIGNEE>
                        <ISDISPATCHSAMEASCONSIGNOR>No</ISDISPATCHSAMEASCONSIGNOR>
                        <ISDELETEDVCHRETAINED>No</ISDELETEDVCHRETAINED>
                        <CHANGEVCHMODE>No</CHANGEVCHMODE>
                        <RESETIRNQRCODE>No</RESETIRNQRCODE>
                        <ALTERID> 947</ALTERID>
                        <MASTERID> 944</MASTERID>
                        <VOUCHERKEY>190284231082024</VOUCHERKEY>
                        <EWAYBILLDETAILS.LIST></EWAYBILLDETAILS.LIST>
                        <EXCLUDEDTAXATIONS.LIST></EXCLUDEDTAXATIONS.LIST>
                        <OLDAUDITENTRIES.LIST></OLDAUDITENTRIES.LIST>
                        <ACCOUNTAUDITENTRIES.LIST></ACCOUNTAUDITENTRIES.LIST>
                        <AUDITENTRIES.LIST></AUDITENTRIES.LIST>
                        <DUTYHEADDETAILS.LIST></DUTYHEADDETAILS.LIST>
                        <SUPPLEMENTARYDUTYHEADDETAILS.LIST></SUPPLEMENTARYDUTYHEADDETAILS.LIST>
                        <IRNERRORLIST.LIST></IRNERRORLIST.LIST>
                        <INVOICEDELNOTES.LIST></INVOICEDELNOTES.LIST>
                        <INVOICEORDERLIST.LIST></INVOICEORDERLIST.LIST>
                        <INVOICEINDENTLIST.LIST></INVOICEINDENTLIST.LIST>
                        <ATTENDANCEENTRIES.LIST></ATTENDANCEENTRIES.LIST>
                        <ORIGINVOICEDETAILS.LIST></ORIGINVOICEDETAILS.LIST>
                        <INVOICEEXPORTLIST.LIST></INVOICEEXPORTLIST.LIST>
                        <ALLLEDGERENTRIES.LIST>
                            <OLDAUDITENTRYIDS.LIST TYPE="Number">
                                <OLDAUDITENTRYIDS>-1</OLDAUDITENTRYIDS>
                            </OLDAUDITENTRYIDS.LIST>
                            <LEDGERNAME>CARTAGE</LEDGERNAME>
                            <GSTCLASS/>
                            <ISDEEMEDPOSITIVE>Yes</ISDEEMEDPOSITIVE>
                            <LEDGERFROMITEM>No</LEDGERFROMITEM>
                            <REMOVEZEROENTRIES>No</REMOVEZEROENTRIES>
                            <ISPARTYLEDGER>No</ISPARTYLEDGER>
                            <ISLASTDEEMEDPOSITIVE>Yes</ISLASTDEEMEDPOSITIVE>
                            <ISCAPVATTAXALTERED>No</ISCAPVATTAXALTERED>
                            <ISCAPVATNOTCLAIMED>No</ISCAPVATNOTCLAIMED>
                            <AMOUNT>-100.000</AMOUNT>
                            <VATEXPAMOUNT>-100.000</VATEXPAMOUNT>
                            <SERVICETAXDETAILS.LIST></SERVICETAXDETAILS.LIST>
                            <BANKALLOCATIONS.LIST></BANKALLOCATIONS.LIST>
                            <BILLALLOCATIONS.LIST></BILLALLOCATIONS.LIST>
                            <INTERESTCOLLECTION.LIST></INTERESTCOLLECTION.LIST>
                            <OLDAUDITENTRIES.LIST></OLDAUDITENTRIES.LIST>
                            <ACCOUNTAUDITENTRIES.LIST></ACCOUNTAUDITENTRIES.LIST>
                            <AUDITENTRIES.LIST></AUDITENTRIES.LIST>
                            <INPUTCRALLOCS.LIST></INPUTCRALLOCS.LIST>
                            <DUTYHEADDETAILS.LIST></DUTYHEADDETAILS.LIST>
                            <EXCISEDUTYHEADDETAILS.LIST></EXCISEDUTYHEADDETAILS.LIST>
                            <RATEDETAILS.LIST></RATEDETAILS.LIST>
                            <SUMMARYALLOCS.LIST></SUMMARYALLOCS.LIST>
                            <STPYMTDETAILS.LIST></STPYMTDETAILS.LIST>
                            <EXCISEPAYMENTALLOCATIONS.LIST></EXCISEPAYMENTALLOCATIONS.LIST>
                            <TAXBILLALLOCATIONS.LIST></TAXBILLALLOCATIONS.LIST>
                            <TAXOBJECTALLOCATIONS.LIST></TAXOBJECTALLOCATIONS.LIST>
                            <TDSEXPENSEALLOCATIONS.LIST></TDSEXPENSEALLOCATIONS.LIST>
                            <VATSTATUTORYDETAILS.LIST></VATSTATUTORYDETAILS.LIST>
                            <COSTTRACKALLOCATIONS.LIST></COSTTRACKALLOCATIONS.LIST>
                            <REFVOUCHERDETAILS.LIST></REFVOUCHERDETAILS.LIST>
                            <INVOICEWISEDETAILS.LIST></INVOICEWISEDETAILS.LIST>
                            <VATITCDETAILS.LIST></VATITCDETAILS.LIST>
                            <ADVANCETAXDETAILS.LIST></ADVANCETAXDETAILS.LIST>
                        </ALLLEDGERENTRIES.LIST>
                        <ALLLEDGERENTRIES.LIST>
                            <OLDAUDITENTRYIDS.LIST TYPE="Number">
                                <OLDAUDITENTRYIDS>-1</OLDAUDITENTRYIDS>
                            </OLDAUDITENTRYIDS.LIST>
                            <LEDGERNAME>CARTAGE</LEDGERNAME>
                            <GSTCLASS/>
                            <ISDEEMEDPOSITIVE>No</ISDEEMEDPOSITIVE>
                            <LEDGERFROMITEM>No</LEDGERFROMITEM>
                            <REMOVEZEROENTRIES>No</REMOVEZEROENTRIES>
                            <ISPARTYLEDGER>No</ISPARTYLEDGER>
                            <ISLASTDEEMEDPOSITIVE>No</ISLASTDEEMEDPOSITIVE>
                            <ISCAPVATTAXALTERED>No</ISCAPVATTAXALTERED>
                            <ISCAPVATNOTCLAIMED>No</ISCAPVATNOTCLAIMED>
                            <AMOUNT>100.000</AMOUNT>
                            <VATEXPAMOUNT>100.000</VATEXPAMOUNT>
                            <SERVICETAXDETAILS.LIST></SERVICETAXDETAILS.LIST>
                            <BANKALLOCATIONS.LIST></BANKALLOCATIONS.LIST>
                            <BILLALLOCATIONS.LIST></BILLALLOCATIONS.LIST>
                            <INTERESTCOLLECTION.LIST></INTERESTCOLLECTION.LIST>
                            <OLDAUDITENTRIES.LIST></OLDAUDITENTRIES.LIST>
                            <ACCOUNTAUDITENTRIES.LIST></ACCOUNTAUDITENTRIES.LIST>
                            <AUDITENTRIES.LIST></AUDITENTRIES.LIST>
                            <INPUTCRALLOCS.LIST></INPUTCRALLOCS.LIST>
                            <DUTYHEADDETAILS.LIST></DUTYHEADDETAILS.LIST>
                            <EXCISEDUTYHEADDETAILS.LIST></EXCISEDUTYHEADDETAILS.LIST>
                            <RATEDETAILS.LIST></RATEDETAILS.LIST>
                            <SUMMARYALLOCS.LIST></SUMMARYALLOCS.LIST>
                            <STPYMTDETAILS.LIST></STPYMTDETAILS.LIST>
                            <EXCISEPAYMENTALLOCATIONS.LIST></EXCISEPAYMENTALLOCATIONS.LIST>
                            <TAXBILLALLOCATIONS.LIST></TAXBILLALLOCATIONS.LIST>
                            <TAXOBJECTALLOCATIONS.LIST></TAXOBJECTALLOCATIONS.LIST>
                            <TDSEXPENSEALLOCATIONS.LIST></TDSEXPENSEALLOCATIONS.LIST>
                            <VATSTATUTORYDETAILS.LIST></VATSTATUTORYDETAILS.LIST>
                            <COSTTRACKALLOCATIONS.LIST></COSTTRACKALLOCATIONS.LIST>
                            <REFVOUCHERDETAILS.LIST></REFVOUCHERDETAILS.LIST>
                            <INVOICEWISEDETAILS.LIST></INVOICEWISEDETAILS.LIST>
                            <VATITCDETAILS.LIST></VATITCDETAILS.LIST>
                            <ADVANCETAXDETAILS.LIST></ADVANCETAXDETAILS.LIST>
                        </ALLLEDGERENTRIES.LIST>
                        <PAYROLLMODEOFPAYMENT.LIST></PAYROLLMODEOFPAYMENT.LIST>
                        <ATTDRECORDS.LIST></ATTDRECORDS.LIST>
                        <GSTEWAYCONSIGNORADDRESS.LIST></GSTEWAYCONSIGNORADDRESS.LIST>
                        <GSTEWAYCONSIGNEEADDRESS.LIST></GSTEWAYCONSIGNEEADDRESS.LIST>
                        <TEMPGSTRATEDETAILS.LIST></TEMPGSTRATEDETAILS.LIST>
                    </VOUCHER>
                </TALLYMESSAGE>
                <TALLYMESSAGE xmlns:UDF="TallyUDF">
                    <COMPANY>
                        <REMOTECMPINFO.LIST MERGE="Yes">
                            <NAME>5752dbcc-49e6-4e0d-8d30-7319a891a042</NAME>
                            <REMOTECMPNAME>900 Entries Only</REMOTECMPNAME>
                            <REMOTECMPSTATE>Delhi</REMOTECMPSTATE>
                        </REMOTECMPINFO.LIST>
                        <REMOTECMPINFO.LIST MERGE="Yes">
                            <NAME>753ae7ab-1e97-42ca-9d89-1c5fb3e3e787</NAME>
                            <REMOTECMPNAME>CHAWLA TIE WORLD</REMOTECMPNAME>
                            <REMOTECMPSTATE>Delhi</REMOTECMPSTATE>
                        </REMOTECMPINFO.LIST>
                    </COMPANY>
                </TALLYMESSAGE>
                <TALLYMESSAGE xmlns:UDF="TallyUDF">
                    <COMPANY>
                        <REMOTECMPINFO.LIST MERGE="Yes">
                            <NAME>5752dbcc-49e6-4e0d-8d30-7319a891a042</NAME>
                            <REMOTECMPNAME>900 Entries Only</REMOTECMPNAME>
                            <REMOTECMPSTATE>Delhi</REMOTECMPSTATE>
                        </REMOTECMPINFO.LIST>
                        <REMOTECMPINFO.LIST MERGE="Yes">
                            <NAME>753ae7ab-1e97-42ca-9d89-1c5fb3e3e787</NAME>
                            <REMOTECMPNAME>CHAWLA TIE WORLD</REMOTECMPNAME>
                            <REMOTECMPSTATE>Delhi</REMOTECMPSTATE>
                        </REMOTECMPINFO.LIST>
                    </COMPANY>
                </TALLYMESSAGE>
            </REQUESTDATA>
        </IMPORTDATA>
    </BODY>
</ENVELOPE>
