<ENVELOPE>
 <HEADER>
  <TALLYREQUEST>Import Data</TALLYREQUEST>
 </HEADER>
 <BODY>
  <IMPORTDATA>
   <REQUESTDESC>
    <REPORTNAME>All Masters</REPORTNAME>
    <STATICVARIABLES>
     <SVCURRENTCOMPANY>Hk SELF LEDGER WISE</SVCURRENTCOMPANY>
    </STATICVARIABLES>
   </REQUESTDESC>
   <REQUESTDATA>
    <TALLYMESSAGE xmlns:UDF="TallyUDF">
     <VOUCHER REMOTEID="0104ec5d-3a78-4045-b472-e46e6308b8a0-00000001" VCHKEY="0104ec5d-3a78-4045-b472-e46e6308b8a0-0000acfe:00000008" VCHTYPE="Receipt" ACTION="Create" OBJVIEW="Accounting Voucher View">
      <OLDAUDITENTRYIDS.LIST TYPE="Number">
       <OLDAUDITENTRYIDS>-1</OLDAUDITENTRYIDS>
      </OLDAUDITENTRYIDS.LIST>
      <ACTIVETO/>
      <ALTEREDON/>
      <DATE>20210401</DATE>
      <LUTDATEOFISSUE/>
      <LUTEXPIRYDATE/>
      <BONDDATEOFISSUE/>
      <BONDEXPIRYDATE/>
      <TAXCHEQUEDATE/>
      <TAXCHALLANDATE/>
      <REFERENCEDATE/>
      <SHIPPINGBILLDATE/>
      <BILLOFENTRYDATE/>
      <VATPARTYTRANSRETURNDATE/>
      <RECONCILATIONDATE/>
      <FORM16ISSUEDATE/>
      <CSTFORMISSUEDATE/>
      <CSTFORMRECVDATE/>
      <CERTIFICATEDATE/>
      <FBTFROMDATE/>
      <FBTTODATE/>
      <RETURNINVOICEDATE/>
      <AGGREMENTORDERDATE/>
      <GOODSRCPTDATE/>
      <LORRYRECPTDATE/>
      <TRANSSALELANDINGDATE/>
      <TRANSBUYERLANDINGDATE/>
      <CREDITLETTERDATE/>
      <AIRWAYBILLDATE/>
      <VATORDERDATE/>
      <INVDELIVERYDATE/>
      <BILLOFLADINGDATE/>
      <VATDEPOSITDATE/>
      <VATDOCUMENTDATE/>
      <VATCHALLANDATE/>
      <ECDATE/>
      <VATTDSDATE/>
      <ADJFROMDATE/>
      <ADJTODATE/>
      <VATDDCHEQUEDATE/>
      <TAXPAYPERIODFROMDATE/>
      <TAXPAYPERIODTODATE/>
      <STTAXCHALLANDATE/>
      <GSTCHALLANDATE/>
      <GSTCHALLANEXPIRYDATE/>
      <ADJPARTYINVOICEDATE/>
      <ADJPARTYPAYMENTDATE/>
      <PARTYORDERDATE/>
      <ADVANCERECEIPTDATE/>
      <REFUNDVOUCHERDATE/>
      <IRNACKDATE/>
      <IRNCANCELDATE/>
      <VATSUBMISSIONDATE/>
      <PARTYINVDATE/>
      <INSPDOCDATE/>
      <VATCANCINVDATE/>
      <VATGOODSRECEIPTDATE/>
      <VATCSTE1DATE/>
      <DISPATCHDATE/>
      <AUDITEDON/>
      <GUID>0104ec5d-3a78-4045-b472-e46e6308b8a0-00000001</GUID>
      <GSTREGISTRATIONTYPE/>
      <VATDEALERTYPE/>
      <STATENAME/>
      <PRICELEVEL/>
      <TDSNATUREOFPAYMENT/>
      <AUTOCOSTLEVEL/>
      <NARRATION/>
      <REQUESTORRULE/>
      <ALTEREDBY/>
      <COUNTRYOFRESIDENCE/>
      <IMPORTEREXPORTERCODE/>
      <PARTYGSTIN/>
      <NATUREOFSALES/>
      <EXCISENOTIFICATIONNO/>
      <PLACEOFSUPPLY/>
      <LUTNUMBER/>
      <BONDNUMBER/>
      <AUTHORITYNAME/>
      <AUTHORITYADDRESS/>
      <TAXUNITNAME/>
      <EXCISEUNITNAME/>
      <CLASSNAME/>
      <POSCARDLEDGER/>
      <POSCASHLEDGER/>
      <POSGIFTLEDGER/>
      <POSCHEQUELEDGER/>
      <EXCISECLASSIFICATIONNAME/>
      <TDSSECTIONNO/>
      <TDSDEDNSTATUS/>
      <TAXBANKCHALLANNUMBER/>
      <TAXCHALLANBSRCODE/>
      <TAXCHEQUENUMBER/>
      <TAXBANKNAME/>
      <TAXBANKBRANCHNAME/>
      <PARTYNAME/>
      <PARTYLEDGERNAME>SBI Bank</PARTYLEDGERNAME>
      <GSTACTIVITYSTATUS/>
      <TAXADJUSTMENT/>
      <BUYERADDRESSTYPE/>
      <PORTCODE/>
      <SHIPPINGBILLNO/>
      <BILLOFENTRYNO/>
      <VATPARTYTRANSRETURNNUMBER/>
      <URDORIGINALSALEVALUE/>
      <GSTNATUREOFRETURN/>
      <VOUCHERTYPENAME>Receipt</VOUCHERTYPENAME>
      <REFERENCE/>
      <VOUCHERNUMBER>1</VOUCHERNUMBER>
      <BASICBASEPARTYNAME/>
      <BASICVOUCHERCHEQUENAME/>
      <BASICVOUCHERCROSSCOMMENT/>
      <EXCHGCURRENCYNAME/>
      <SERIALMASTER/>
      <SERIALNUMBER/>
      <STATADJUSTMENTTYPE/>
      <STATPAYMENTTYPE/>
      <CONSIGNEEIECODE/>
      <SUPPLIERIECODE/>
      <ARESERIALMASTER/>
      <ARESERIALNUMBER/>
      <SUMAUTOVCHNUM/>
      <TAXBANKACCOUNTNUMBER/>
      <CSTFORMISSUETYPE/>
      <CSTFORMISSUENUMBER/>
      <CSTFORMRECVTYPE/>
      <CSTFORMRECVNUMBER/>
      <CONSIGNEECSTNUMBER/>
      <BUYERSCSTNUMBER/>
      <CSTFORMISSUESERIESNUM/>
      <CSTFORMRECVSERIESNUM/>
      <EXCISETREASURYNUMBER/>
      <EXCISETREASURYNAME/>
      <CERTIFICATETYPE/>
      <CERTIFICATENUMBER/>
      <AREFORMTYPE/>
      <DESTINATIONTAXUNIT/>
      <FBTPAYMENTTYPE>Default</FBTPAYMENTTYPE>
      <POSCARDNUMBER/>
      <POSCHEQUENUMBER/>
      <POSCHEQUEBANKNAME/>
      <CHALLANTYPE/>
      <CHEQUEDEPOSITORNAME/>
      <EXCISENOTIFICATIONSERIALNO/>
      <PERSISTEDVIEW>Accounting Voucher View</PERSISTEDVIEW>
      <EXCISETARIFFTYPE/>
      <CONSIGNEELBTREGNNO/>
      <CONSIGNEELBTZONE/>
      <SUPPLIERLBTREGNNO/>
      <SUPPLIERLBTZONE/>
      <LBTMAPPEDCATEGORY/>
      <LBTMAPPEDZONE/>
      <LBTNATUREOFLIABILITY/>
      <CASHPARTYPAN/>
      <CASHPARTYDEDTYPE/>
      <VCHTAXTYPE/>
      <PURPOSEOFPURCHASE/>
      <POINTOFTRANSACTION/>
      <TRANSPORTERNAME/>
      <TRANSPORTMODE/>
      <AGGREMENTORDERNO/>
      <FOREIGNSELLERNAME/>
      <EXPORTERCOUNTRY/>
      <GOODSVEHICLENUMBER/>
      <SHIPNAME/>
      <SHIPAGENTNAME/>
      <CLEARINGAGENTNAME/>
      <LORRYRECPTNO/>
      <CARRIERNAME/>
      <CREDITLETTERREF/>
      <AIRWAYBILLNO/>
      <FWDAGENTNAME/>
      <VATORDERNO/>
      <VATSELLERTIN/>
      <TRANSSOURCEPLACE/>
      <TRANSCATEGORY/>
      <VATDOCUMENTTYPE/>
      <VATTRANSBILLQTY/>
      <VATTRANSBILLNO/>
      <BILLOFLADINGNO/>
      <VATPAIDAGAINST/>
      <VATBANKNAME/>
      <VATBANKBRANCH/>
      <VATDDCHEQUENO/>
      <VATADJUSTMENTTYPE/>
      <VATFORMSTATUS/>
      <VATDOCUMENTNUMBER/>
      <VATSOURCESTATE/>
      <VATDESTINATIONSTATE/>
      <VATDESTINATIONPLACE/>
      <VATPARTYORGTYPE/>
      <VATPARTYTYPE/>
      <VATCHALLANNUMBER/>
      <VATDESIGOFPURCHASER/>
      <VATPURCHASERCPTTYPE/>
      <VATGOODSRCPTNO/>
      <VATPARTYORGNAME/>
      <AIRPORTNAME/>
      <TDNOFAWARDER/>
      <ECNUMBER/>
      <ECISSUINGAUTHORITY/>
      <CONTRACTORTIN/>
      <VATTDSBARCODE/>
      <VATPYMTMODEOFDEPOSIT/>
      <VATPYMTTAXDESC/>
      <VATBANKACCNUMBER/>
      <VATBRANCHCODE/>
      <VATTRANSSOURCE/>
      <VATADJADDLDETAILS/>
      <VATBRANCHNAME/>
      <PRIORITYSTATECONFLICT/>
      <EICHECKPOST/>
      <PORTNAME/>
      <VATEFORMAPPLICABLE/>
      <VATEFORMAPPLICABLENO/>
      <VATINCOURSEOF/>
      <VATDISPATCHTIME/>
      <VATTRANSPORTERADDRESS/>
      <VATCONTRACTEETDN/>
      <VATCONTRACTEEDISTRICT/>
      <VATCONTRACTEENAME/>
      <CONSUMERIDENTIFICATIONNUMBER/>
      <STTVCHRHANDLE/>
      <SRVTREGNUMBER/>
      <TAXPAYMENTTYPE/>
      <STTAXBANKCHALLANNUMBER/>
      <TYPEOFEXCISEVOUCHER/>
      <GSTBANKNAME/>
      <GSTBANKACCOUNTNUMBER/>
      <GSTBANKACCOUNTTYPE/>
      <GSTBANKACCOUNTHOLDER/>
      <GSTBANKBRANCHADDRESS/>
      <GSTBANKIFSCCODE/>
      <GSTBANKMICRCODE/>
      <GSTDEBITDOCNUMBER/>
      <GSTPYMTMODEOFDEPOSIT/>
      <GSTBANKBRANCHNAME/>
      <GSTINSTRUMENTNUMBER/>
      <GSTCHALLANNUMBER/>
      <GSTCPINNUMBER/>
      <GSTCINNUMBER/>
      <ADJPARTYGSTIN/>
      <ADJPARTYINVOICENO/>
      <GSTMERCHANTID/>
      <PARTYORDERNO/>
      <GSTITCREVERSALDETAILS/>
      <GSTITCDOCUMENTTYPE/>
      <GSTADDITIONALDETAILS/>
      <GSTRECONSTATUS/>
      <GSTREASONFORREJECTION/>
      <ADVANCERECEIPTNUMBER/>
      <REFUNDVOUCHERNUMBER/>
      <VCHTAXUNIT/>
      <CONSIGNEEGSTIN/>
      <IRNACKNO/>
      <IRN/>
      <IRNQRCODE/>
      <BILLTOPLACE/>
      <SHIPTOPLACE/>
      <DISPATCHFROMNAME/>
      <DISPATCHFROMADDRESSTYPE/>
      <DISPATCHFROMSTATENAME/>
      <DISPATCHFROMPINCODE/>
      <DISPATCHFROMPLACE/>
      <IRNCANCELREASON/>
      <IRNCANCELCODE/>
      <BASICSHIPPEDBY/>
      <BASICDESTINATIONCOUNTRY/>
      <BASICBUYERNAME/>
      <BASICPLACEOFRECEIPT/>
      <BASICSHIPDOCUMENTNO/>
      <BASICPORTOFLOADING/>
      <BASICPORTOFDISCHARGE/>
      <BASICFINALDESTINATION/>
      <BASICORDERREF/>
      <BASICSHIPVESSELNO/>
      <BASICBUYERSSALESTAXNO/>
      <BASICDUEDATEOFPYMT/>
      <BASICSERIALNUMINPLA/>
      <BASICDATETIMEOFINVOICE/>
      <BASICDATETIMEOFREMOVAL/>
      <PARTYADDRESSTYPE/>
      <MFGRADDRESSTYPE/>
      <TRANSPORTERADDRROOM/>
      <TRANSPORTERADDRBLDG/>
      <TRANSPORTERADDRROAD/>
      <TRANSPORTERADDRAREA/>
      <TRANSPORTERADDRTOWN/>
      <TRANSPORTERADDRDIST/>
      <TRANSPORTERADDRSTATE/>
      <TRANSPORTERADDRPINCODE/>
      <TRANSPORTERADDRPHONE/>
      <TRANSPORTERADDRFAX/>
      <TRANSPORTERVEHICLE2/>
      <TRANSPORTLOCALTIN/>
      <VATCFORMISSUESTATE/>
      <PLACEOFSUPPLYSTATE/>
      <PLACEOFSUPPLYCOUNTRY/>
      <EMIRATEPOS/>
      <PARTYMAILINGNAME/>
      <PARTYPINCODE/>
      <CONSIGNEEMAILINGNAME/>
      <CONSIGNEECOUNTRYNAME/>
      <VCHGSTCLASS/>
      <COSTCENTRENAME/>
      <ADDITIONALNARRATION/>
      <PARTYINVNO/>
      <INSPDOCNO/>
      <SETTLEMENTTYPE/>
      <VOUCHERTIME/>
      <HOLDREFERENCE/>
      <VATCANCINVNO/>
      <VATCANCPURCTIN/>
      <VATCANCPURCNAME/>
      <VATTYPEOFDEVICE/>
      <VATBRIEFDESCRIPTION/>
      <VATDEVICENO/>
      <BUYERPINNUMBER/>
      <VATEXPORTENTRYNO/>
      <CONSIGNEEPINNUMBER/>
      <VATEXEMPTCERTIFICATENO/>
      <VATVEHICLENUMBER/>
      <VATGOODSRECEIPTNUMBER/>
      <VATMOBILENUMBER/>
      <VATCSTE1SERIESNO/>
      <VATCSTE1SERIALNO/>
      <VATPERMITFORM/>
      <VATCERTIFICATENO/>
      <CONSIGNEECIRCLE/>
      <CONSIGNEECITY/>
      <CONSIGNEESTATENAME/>
      <CONSIGNEEPINCODE/>
      <CONSIGNEEMOBILENUMBER/>
      <CONSIGNEEOTHERS/>
      <CONSIGNEEMAIL/>
      <DELIVERYCITY/>
      <DELIVERYPINCODE/>
      <DELIVERYOTHERS/>
      <DELIVERYSTATE/>
      <DISPATCHCITY/>
      <DISPATCHPINCODE/>
      <DESTINATIONPERMITNUMBER/>
      <ENTRYCHECKPOSTLOCATION/>
      <EXITCHECKPOSTLOCATION/>
      <VATTDSDEDUCTORNAME/>
      <VCHENTRYMODE/>
      <ENTEREDBY/>
      <VOUCHERTYPEORIGNAME/>
      <DIFFACTUALQTY>No</DIFFACTUALQTY>
      <ISMSTFROMSYNC>No</ISMSTFROMSYNC>
      <ASORIGINAL>No</ASORIGINAL>
      <AUDITED>No</AUDITED>
      <FORJOBCOSTING>No</FORJOBCOSTING>
      <ISOPTIONAL>No</ISOPTIONAL>
      <EFFECTIVEDATE>20210401</EFFECTIVEDATE>
      <USEFOREXCISE>No</USEFOREXCISE>
      <ISFORJOBWORKIN>No</ISFORJOBWORKIN>
      <ALLOWCONSUMPTION>No</ALLOWCONSUMPTION>
      <USEFORINTEREST>No</USEFORINTEREST>
      <USEFORGAINLOSS>No</USEFORGAINLOSS>
      <USEFORGODOWNTRANSFER>No</USEFORGODOWNTRANSFER>
      <USEFORCOMPOUND>No</USEFORCOMPOUND>
      <USEFORSERVICETAX>No</USEFORSERVICETAX>
      <ISDELETED>No</ISDELETED>
      <ISONHOLD>No</ISONHOLD>
      <ISBOENOTAPPLICABLE>No</ISBOENOTAPPLICABLE>
      <ISEXCISEVOUCHER>No</ISEXCISEVOUCHER>
      <EXCISETAXOVERRIDE>No</EXCISETAXOVERRIDE>
      <USEFORTAXUNITTRANSFER>No</USEFORTAXUNITTRANSFER>
      <IGNOREPOSVALIDATION>No</IGNOREPOSVALIDATION>
      <EXCISEOPENING>No</EXCISEOPENING>
      <USEFORFINALPRODUCTION>No</USEFORFINALPRODUCTION>
      <ISTDSOVERRIDDEN>No</ISTDSOVERRIDDEN>
      <ISTCSOVERRIDDEN>No</ISTCSOVERRIDDEN>
      <ISTDSTCSCASHVCH>No</ISTDSTCSCASHVCH>
      <INCLUDEADVPYMTVCH>No</INCLUDEADVPYMTVCH>
      <ISSUBWORKSCONTRACT>No</ISSUBWORKSCONTRACT>
      <ISVATOVERRIDDEN>No</ISVATOVERRIDDEN>
      <IGNOREORIGVCHDATE>No</IGNOREORIGVCHDATE>
      <ISVATPAIDATCUSTOMS>No</ISVATPAIDATCUSTOMS>
      <ISDECLAREDTOCUSTOMS>No</ISDECLAREDTOCUSTOMS>
      <ISSERVICETAXOVERRIDDEN>No</ISSERVICETAXOVERRIDDEN>
      <ISISDVOUCHER>No</ISISDVOUCHER>
      <ISEXCISEOVERRIDDEN>No</ISEXCISEOVERRIDDEN>
      <ISEXCISESUPPLYVCH>No</ISEXCISESUPPLYVCH>
      <ISGSTOVERRIDDEN>No</ISGSTOVERRIDDEN>
      <GSTNOTEXPORTED>No</GSTNOTEXPORTED>
      <IGNOREGSTINVALIDATION>No</IGNOREGSTINVALIDATION>
      <ISGSTREFUND>No</ISGSTREFUND>
      <ISGSTSECSEVENAPPLICABLE>No</ISGSTSECSEVENAPPLICABLE>
      <ISVATPRINCIPALACCOUNT>No</ISVATPRINCIPALACCOUNT>
      <IGNOREEINVVALIDATION>No</IGNOREEINVVALIDATION>
      <IRNJSONEXPORTED>No</IRNJSONEXPORTED>
      <IRNCANCELLED>No</IRNCANCELLED>
      <ISSHIPPINGWITHINSTATE>No</ISSHIPPINGWITHINSTATE>
      <ISOVERSEASTOURISTTRANS>No</ISOVERSEASTOURISTTRANS>
      <ISDESIGNATEDZONEPARTY>No</ISDESIGNATEDZONEPARTY>
      <ISCANCELLED>No</ISCANCELLED>
      <HASCASHFLOW>Yes</HASCASHFLOW>
      <ISPOSTDATED>No</ISPOSTDATED>
      <USETRACKINGNUMBER>No</USETRACKINGNUMBER>
      <ISINVOICE>No</ISINVOICE>
      <MFGJOURNAL>No</MFGJOURNAL>
      <HASDISCOUNTS>No</HASDISCOUNTS>
      <ASPAYSLIP>No</ASPAYSLIP>
      <ISCOSTCENTRE>No</ISCOSTCENTRE>
      <ISSTXNONREALIZEDVCH>No</ISSTXNONREALIZEDVCH>
      <ISEXCISEMANUFACTURERON>No</ISEXCISEMANUFACTURERON>
      <ISBLANKCHEQUE>No</ISBLANKCHEQUE>
      <ISVOID>No</ISVOID>
      <ORDERLINESTATUS>No</ORDERLINESTATUS>
      <VATISAGNSTCANCSALES>No</VATISAGNSTCANCSALES>
      <VATISPURCEXEMPTED>No</VATISPURCEXEMPTED>
      <ISVATRESTAXINVOICE>No</ISVATRESTAXINVOICE>
      <VATISASSESABLECALCVCH>No</VATISASSESABLECALCVCH>
      <ISVATDUTYPAID>Yes</ISVATDUTYPAID>
      <ISDELIVERYSAMEASCONSIGNEE>No</ISDELIVERYSAMEASCONSIGNEE>
      <ISDISPATCHSAMEASCONSIGNOR>No</ISDISPATCHSAMEASCONSIGNOR>
      <ISDELETEDVCHRETAINED>No</ISDELETEDVCHRETAINED>
      <CHANGEVCHMODE>No</CHANGEVCHMODE>
      <RESETIRNQRCODE>No</RESETIRNQRCODE>
      <ALTERID> 1</ALTERID>
      <MASTERID> 1</MASTERID>
      <VOUCHERKEY>190206921670664</VOUCHERKEY>
      <ECFEERATE>0</ECFEERATE>
      <VATCONSIGNMENTNO>0</VATCONSIGNMENTNO>
      <QRCODECRC>0</QRCODECRC>
      <VATTDSRATE>0</VATTDSRATE>
      <BONDAMOUNT/>
      <POSCASHRECEIVED/>
      <CUSTOMDUTYPAID/>
      <VATPARTYITCCLAIMED/>
      <VATPARTYTAXLIABILITY/>
      <VALUEOFWORKSCONTRACT/>
      <ECFEEAMOUNT/>
      <ECFEEDEPOSITBYAWARDER/>
      <ECFEEDEPOSITBYCONTRACTOR/>
      <TDSDEDUCTED/>
      <VALUEOFSUBWORKSCONT/>
      <VATTDSAMT/>
      <ADJPARTYINVOICEVALUE/>
      <GSTINVASSESSABLEVALUE/>
      <VATGOODSVALUE/>
      <EXCHGRATE/>
      <PROCESSINGDURATION/>
      <TEMPGSTEWAYCONSIGNORADDRESSTYPE/>
      <TEMPGSTEWAYCONSIGNEEADDRESSTYPE/>
      <EIDEFAULTLED_ISZRBASICSERVICE/>
      <PREVBOMNAME/>
      <CURBOMNAME/>
      <COMMONNATUREOFPAYMENT/>
      <TEMPISVCHSUPPLFILLED/>
      <CURRPARTYLEDGERNAME/>
      <CURRBASICBUYERNAME/>
      <CURRPARTYNAME/>
      <CURRBUYERADDRESSTYPE/>
      <CURRPARTYADDRESSTYPE/>
      <CURRSTATENAME/>
      <CURRBASICPURCHASEORDERNO/>
      <CURRBASICSHIPDELIVERYNOTE/>
      <POSSTAXPARTYLEDGERNAME/>
      <ISCSTAGTFORMC/>
      <EIDEFAULTLED_ISUSERDEFINED/>
      <EIDEFAULTLED_CLASSNAME/>
      <EIDEFAULTLED_CLASSRATE>0</EIDEFAULTLED_CLASSRATE>
      <EIDEFAULTLED_CLASSADDLRATE>0</EIDEFAULTLED_CLASSADDLRATE>
      <TEMPVATCLASSIFICATION/>
      <ISATTDDATAPRESERVED/>
      <TEMPGSTEWAYBILLNUMBER/>
      <TEMPGSTEWAYBILLDATE/>
      <TEMPGSTEWAYSUBTYPE/>
      <TEMPGSTEWAYDOCUMENTTYPE/>
      <TEMPGSTEWAYSTATUS/>
      <TEMPGSTEWAYCONSIGNOR/>
      <TEMPGSTEWAYCONSIGNORADDRESS/>
      <TEMPGSTEWAYFROMPLACE/>
      <TEMPCONSIGNORPINCODENUMBER>0</TEMPCONSIGNORPINCODENUMBER>
      <TEMPGSTEWAYPINCODENUMBER>0</TEMPGSTEWAYPINCODENUMBER>
      <TEMPGSTEWAYPINCODE/>
      <TEMPGSTEWAYCONSIGNORTIN/>
      <TEMPGSTEWAYCONSIGNORSTATE/>
      <TEMPGSTEWAYCONSSHIPFROMSTATE/>
      <TEMPGSTEWAYCONSIGNEE/>
      <TEMPGSTEWAYCONSADDRESS/>
      <TEMPGSTEWAYCONSFROMPLACE/>
      <TEMPGSTEWAYCONSPINCODENUMBER>0</TEMPGSTEWAYCONSPINCODENUMBER>
      <TEMPCONSIGNEEPINCODENUMBER>0</TEMPCONSIGNEEPINCODENUMBER>
      <TEMPGSTEWAYCONSPINCODE/>
      <TEMPGSTEWAYCONSTIN/>
      <TEMPGSTEWAYCONSSTATE/>
      <TEMPGSTEWAYCONSSHIPTOSTATE/>
      <TEMPGSTEWAYTRANSPORTMODE/>
      <TEMPGSTEWAYDISTANCE>0</TEMPGSTEWAYDISTANCE>
      <TEMPGSTEWAYTRANSPORTERNAME/>
      <TEMPGSTEWAYVEHICLENUMBER/>
      <TEMPGSTEWAYTRANSPORTERID/>
      <TEMPGSTEWAYTRANSPORTERDOCNO/>
      <TEMPGSTEWAYTRANSPORTERDOCDATE/>
      <TEMPGSTEWAYVEHICLETYPE/>
      <TEMPGSTEWAYCONSBILLNUMBER/>
      <TEMPGSTEWAYCONSBILLDATE/>
      <TEMPISUSERDEFINEDCLASS/>
      <TEMPCLASSNATURE/>
      <TEMPGSTOVRDNINELIGIBLEITC/>
      <TEMPGSTOVRDNISREVCHARGEAPPL/>
      <TEMPGSTOVRDNTAXABILITY/>
      <TEMPGSTOVRDNISREVCHARGEAPPLSTR/>
      <TEMPGSTOVRDNINELIGIBLEITCSTR/>
      <TEMPGSTVCHDESTINATIONSTATE/>
      <TEMPGSTPARTYLEDLOCTYPE/>
      <TEMPGSTPARTYDEALERTYPE/>
      <TEMPGSTRISCOMMONPARTY/>
      <TEMPGSTRCOUNTRY/>
      <TEMPGSTRSTATE/>
      <TEMPGSTRTIN/>
      <TEMPGSTRDEALERTYPE/>
      <CURRGSTCOUNTRY/>
      <EWAYBILLDETAILS.LIST>      </EWAYBILLDETAILS.LIST>
      <EXCLUDEDTAXATIONS.LIST>      </EXCLUDEDTAXATIONS.LIST>
      <OLDAUDITENTRIES.LIST>      </OLDAUDITENTRIES.LIST>
      <ACCOUNTAUDITENTRIES.LIST>      </ACCOUNTAUDITENTRIES.LIST>
      <AUDITENTRIES.LIST>      </AUDITENTRIES.LIST>
      <DUTYHEADDETAILS.LIST>      </DUTYHEADDETAILS.LIST>
      <SUPPLEMENTARYDUTYHEADDETAILS.LIST>      </SUPPLEMENTARYDUTYHEADDETAILS.LIST>
      <IRNERRORLIST.LIST>      </IRNERRORLIST.LIST>
      <INVOICEDELNOTES.LIST>      </INVOICEDELNOTES.LIST>
      <INVOICEORDERLIST.LIST>      </INVOICEORDERLIST.LIST>
      <INVOICEINDENTLIST.LIST>      </INVOICEINDENTLIST.LIST>
      <ATTENDANCEENTRIES.LIST>      </ATTENDANCEENTRIES.LIST>
      <ORIGINVOICEDETAILS.LIST>      </ORIGINVOICEDETAILS.LIST>
      <INVOICEEXPORTLIST.LIST>      </INVOICEEXPORTLIST.LIST>
      <ALLLEDGERENTRIES.LIST>
       <OLDAUDITENTRYIDS.LIST TYPE="Number">
        <OLDAUDITENTRYIDS>-1</OLDAUDITENTRYIDS>
       </OLDAUDITENTRYIDS.LIST>
       <ORIGPURCHINVDATE/>
       <NARRATION/>
       <ADDLALLOCTYPE/>
       <TAXCLASSIFICATIONNAME/>
       <NOTIFICATIONSLNO/>
       <SWIFTCODE/>
       <ROUNDTYPE/>
       <LEDGERNAME>Amit Capital</LEDGERNAME>
       <TAXUNITNAME/>
       <STATNATURENAME/>
       <GOODSTYPE/>
       <METHODTYPE/>
       <CLASSRATE/>
       <STATCLASSIFICATIONNAME/>
       <EXCISECLASSIFICATIONNAME/>
       <ISZRBASICSERVICE/>
       <VATCOMMODITYNAME/>
       <SCHEDULE/>
       <SCHEDULESERIALNUMBER/>
       <VATCOMMODITYCODE/>
       <VATSUBCOMMODITYCODE/>
       <VATTRADENAME/>
       <VATMAJORCOMMODITYNAME/>
       <TDSPARTYNAME/>
       <VATPARTYORGNAME/>
       <XBRLADJTYPE/>
       <VOUCHERFBTCATEGORY/>
       <TYPEOFTAXPAYMENT/>
       <VATCALCULATIONTYPE/>
       <VATWORKSCONTRACTTYPE/>
       <VATWCDESCRIPTION/>
       <GSTCLASS/>
       <SCHVIADJTYPE/>
       <GSTOVRDNCLASSIFICATION/>
       <GSTOVRDNNATURE/>
       <GSTOVRDNINELIGIBLEITC/>
       <GSTOVRDNISREVCHARGEAPPL/>
       <GSTOVRDNTAXABILITY/>
       <GSTHSNSACCODE/>
       <VATGOODSNATURE/>
       <POSPAYMENTTYPE/>
       <GSTPARTYLEDGER/>
       <ORIGPURCHPARTY/>
       <ORIGPURCHPARTYADDRESS/>
       <ORIGPURCHINVNO/>
       <ORIGPURCHNOTE/>
       <ISDEEMEDPOSITIVE>No</ISDEEMEDPOSITIVE>
       <LEDGERFROMITEM>No</LEDGERFROMITEM>
       <REMOVEZEROENTRIES>No</REMOVEZEROENTRIES>
       <ISPARTYLEDGER>No</ISPARTYLEDGER>
       <ISLASTDEEMEDPOSITIVE>No</ISLASTDEEMEDPOSITIVE>
       <ISCAPVATTAXALTERED>No</ISCAPVATTAXALTERED>
       <ISCAPVATNOTCLAIMED>No</ISCAPVATNOTCLAIMED>
       <STCRADJPERCENT>0</STCRADJPERCENT>
       <ROUNDLIMIT>0</ROUNDLIMIT>
       <RATEOFADDLVAT>0</RATEOFADDLVAT>
       <RATEOFCESSONVAT>0</RATEOFCESSONVAT>
       <VATTAXRATE>0</VATTAXRATE>
       <VATITEMQTY>0</VATITEMQTY>
       <PREVINVTOTALNUM>0</PREVINVTOTALNUM>
       <VATWCDEDUCTIONRATE>0</VATWCDEDUCTIONRATE>
       <GSTTAXRATE>0</GSTTAXRATE>
       <ORIGINVGOODSQTY>0</ORIGINVGOODSQTY>
       <CAPVATTAXRATE>0</CAPVATTAXRATE>
       <AMOUNT>100000.00</AMOUNT>
       <FBTEXEMPTAMOUNT/>
       <VATASSESSABLEVALUE/>
       <VATWCCOSTOFLAND/>
       <VATWCDEDLABOURCHARGES/>
       <VATWCOTHERDEDUCTIONAMT/>
       <VATWCVALUEOFTAXFREEGOODS/>
       <VATWCOTHERCHARGES/>
       <VATWCSUBCONTRACTORAMT/>
       <PREVAMOUNT/>
       <PREVINVTOTALAMT/>
       <VATWCDEDUCTIONAMOUNT/>
       <ORIGINVGOODSVALUE/>
       <CENVATCAPTINPUTAMT/>
       <GSTASSESSABLEVALUE/>
       <IGSTLIABILITY/>
       <CGSTLIABILITY/>
       <SGSTLIABILITY/>
       <GSTCESSLIABILITY/>
       <GSTOVRDNASSESSABLEVALUE/>
       <GSTASSBLVALUE/>
       <ORIGINVGOODSTAXVALUE/>
       <VATWCESTABLISHMENTCOST/>
       <VATWCCONTRACTORPROFIT/>
       <VATWCPLANNINGDESIGNFEES/>
       <VATWCMACHINERYTOOLSCHARGES/>
       <VATWCCONSUMABLESCOST/>
       <VATEXPAMOUNT/>
       <VATASSBLVALUE/>
       <VATACCEPTEDTAXAMT/>
       <VATACCEPTEDADDLTAXAMT/>
       <CASHRECEIVED/>
       <CAPVATASSEABLEVALUE/>
       <CAPVATTAXVALUE/>
       <ORIGPURCHVALUE/>
       <SUPPLYMARGVAL/>
       <DENOMINATIONCOUNT2000X>0</DENOMINATIONCOUNT2000X>
       <DENOMINATIONCOUNT1000X>0</DENOMINATIONCOUNT1000X>
       <DENOMINATIONCOUNT500X>0</DENOMINATIONCOUNT500X>
       <DENOMINATIONCOUNT200X>0</DENOMINATIONCOUNT200X>
       <DENOMINATIONCOUNT100X>0</DENOMINATIONCOUNT100X>
       <DENOMINATIONCOUNT50X>0</DENOMINATIONCOUNT50X>
       <DENOMINATIONCOUNT20X>0</DENOMINATIONCOUNT20X>
       <DENOMINATIONCOUNT10X>0</DENOMINATIONCOUNT10X>
       <DENOMINATIONCOUNT5X>0</DENOMINATIONCOUNT5X>
       <DENOMINATIONCOUNT2X>0</DENOMINATIONCOUNT2X>
       <DENOMINATIONCOUNT1X>0</DENOMINATIONCOUNT1X>
       <DENOMINATIONAMOUNTOTHERS/>
       <CURRPARTYLEDGERNAME/>
       <TEMPVATCLASSIFICATION/>
       <INVOICEROUNDINGDIFFVAL/>
       <VATGCCTAXAMOUNT/>
       <GSTCOMPDUTYAMOUNT/>
       <EXCISETEMPDUTYVAL/>
       <ISVATADJLEDGER/>
       <VATASSESMENTATE>0</VATASSESMENTATE>
       <GSTLEDGERDISCOUNT/>
       <GVATLEDGEREXCISE/>
       <GSTDUTYAMOUNT/>
       <RBVATTAXAMOUNT/>
       <SALESCESSTAXAMOUNT/>
       <SERVICETAXDETAILS.LIST>       </SERVICETAXDETAILS.LIST>
       <BANKALLOCATIONS.LIST>       </BANKALLOCATIONS.LIST>
       <BILLALLOCATIONS.LIST>       </BILLALLOCATIONS.LIST>
       <INTERESTCOLLECTION.LIST>       </INTERESTCOLLECTION.LIST>
       <OLDAUDITENTRIES.LIST>       </OLDAUDITENTRIES.LIST>
       <ACCOUNTAUDITENTRIES.LIST>       </ACCOUNTAUDITENTRIES.LIST>
       <AUDITENTRIES.LIST>       </AUDITENTRIES.LIST>
       <INPUTCRALLOCS.LIST>       </INPUTCRALLOCS.LIST>
       <DUTYHEADDETAILS.LIST>       </DUTYHEADDETAILS.LIST>
       <EXCISEDUTYHEADDETAILS.LIST>       </EXCISEDUTYHEADDETAILS.LIST>
       <RATEDETAILS.LIST>       </RATEDETAILS.LIST>
       <SUMMARYALLOCS.LIST>       </SUMMARYALLOCS.LIST>
       <STPYMTDETAILS.LIST>       </STPYMTDETAILS.LIST>
       <EXCISEPAYMENTALLOCATIONS.LIST>       </EXCISEPAYMENTALLOCATIONS.LIST>
       <TAXBILLALLOCATIONS.LIST>       </TAXBILLALLOCATIONS.LIST>
       <TAXOBJECTALLOCATIONS.LIST>       </TAXOBJECTALLOCATIONS.LIST>
       <TDSEXPENSEALLOCATIONS.LIST>       </TDSEXPENSEALLOCATIONS.LIST>
       <VATSTATUTORYDETAILS.LIST>       </VATSTATUTORYDETAILS.LIST>
       <COSTTRACKALLOCATIONS.LIST>       </COSTTRACKALLOCATIONS.LIST>
       <REFVOUCHERDETAILS.LIST>       </REFVOUCHERDETAILS.LIST>
       <INVOICEWISEDETAILS.LIST>       </INVOICEWISEDETAILS.LIST>
       <VATITCDETAILS.LIST>       </VATITCDETAILS.LIST>
       <ADVANCETAXDETAILS.LIST>       </ADVANCETAXDETAILS.LIST>
      </ALLLEDGERENTRIES.LIST>
      <ALLLEDGERENTRIES.LIST>
       <OLDAUDITENTRYIDS.LIST TYPE="Number">
        <OLDAUDITENTRYIDS>-1</OLDAUDITENTRYIDS>
       </OLDAUDITENTRYIDS.LIST>
       <ORIGPURCHINVDATE/>
       <NARRATION/>
       <ADDLALLOCTYPE/>
       <TAXCLASSIFICATIONNAME/>
       <NOTIFICATIONSLNO/>
       <SWIFTCODE/>
       <ROUNDTYPE/>
       <LEDGERNAME>Vimal Capital</LEDGERNAME>
       <TAXUNITNAME/>
       <STATNATURENAME/>
       <GOODSTYPE/>
       <METHODTYPE/>
       <CLASSRATE/>
       <STATCLASSIFICATIONNAME/>
       <EXCISECLASSIFICATIONNAME/>
       <ISZRBASICSERVICE/>
       <VATCOMMODITYNAME/>
       <SCHEDULE/>
       <SCHEDULESERIALNUMBER/>
       <VATCOMMODITYCODE/>
       <VATSUBCOMMODITYCODE/>
       <VATTRADENAME/>
       <VATMAJORCOMMODITYNAME/>
       <TDSPARTYNAME/>
       <VATPARTYORGNAME/>
       <XBRLADJTYPE/>
       <VOUCHERFBTCATEGORY/>
       <TYPEOFTAXPAYMENT/>
       <VATCALCULATIONTYPE/>
       <VATWORKSCONTRACTTYPE/>
       <VATWCDESCRIPTION/>
       <GSTCLASS/>
       <SCHVIADJTYPE/>
       <GSTOVRDNCLASSIFICATION/>
       <GSTOVRDNNATURE/>
       <GSTOVRDNINELIGIBLEITC/>
       <GSTOVRDNISREVCHARGEAPPL/>
       <GSTOVRDNTAXABILITY/>
       <GSTHSNSACCODE/>
       <VATGOODSNATURE/>
       <POSPAYMENTTYPE/>
       <GSTPARTYLEDGER/>
       <ORIGPURCHPARTY/>
       <ORIGPURCHPARTYADDRESS/>
       <ORIGPURCHINVNO/>
       <ORIGPURCHNOTE/>
       <ISDEEMEDPOSITIVE>No</ISDEEMEDPOSITIVE>
       <LEDGERFROMITEM>No</LEDGERFROMITEM>
       <REMOVEZEROENTRIES>No</REMOVEZEROENTRIES>
       <ISPARTYLEDGER>No</ISPARTYLEDGER>
       <ISLASTDEEMEDPOSITIVE>No</ISLASTDEEMEDPOSITIVE>
       <ISCAPVATTAXALTERED>No</ISCAPVATTAXALTERED>
       <ISCAPVATNOTCLAIMED>No</ISCAPVATNOTCLAIMED>
       <STCRADJPERCENT>0</STCRADJPERCENT>
       <ROUNDLIMIT>0</ROUNDLIMIT>
       <RATEOFADDLVAT>0</RATEOFADDLVAT>
       <RATEOFCESSONVAT>0</RATEOFCESSONVAT>
       <VATTAXRATE>0</VATTAXRATE>
       <VATITEMQTY>0</VATITEMQTY>
       <PREVINVTOTALNUM>0</PREVINVTOTALNUM>
       <VATWCDEDUCTIONRATE>0</VATWCDEDUCTIONRATE>
       <GSTTAXRATE>0</GSTTAXRATE>
       <ORIGINVGOODSQTY>0</ORIGINVGOODSQTY>
       <CAPVATTAXRATE>0</CAPVATTAXRATE>
       <AMOUNT>200000.00</AMOUNT>
       <FBTEXEMPTAMOUNT/>
       <VATASSESSABLEVALUE/>
       <VATWCCOSTOFLAND/>
       <VATWCDEDLABOURCHARGES/>
       <VATWCOTHERDEDUCTIONAMT/>
       <VATWCVALUEOFTAXFREEGOODS/>
       <VATWCOTHERCHARGES/>
       <VATWCSUBCONTRACTORAMT/>
       <PREVAMOUNT/>
       <PREVINVTOTALAMT/>
       <VATWCDEDUCTIONAMOUNT/>
       <ORIGINVGOODSVALUE/>
       <CENVATCAPTINPUTAMT/>
       <GSTASSESSABLEVALUE/>
       <IGSTLIABILITY/>
       <CGSTLIABILITY/>
       <SGSTLIABILITY/>
       <GSTCESSLIABILITY/>
       <GSTOVRDNASSESSABLEVALUE/>
       <GSTASSBLVALUE/>
       <ORIGINVGOODSTAXVALUE/>
       <VATWCESTABLISHMENTCOST/>
       <VATWCCONTRACTORPROFIT/>
       <VATWCPLANNINGDESIGNFEES/>
       <VATWCMACHINERYTOOLSCHARGES/>
       <VATWCCONSUMABLESCOST/>
       <VATEXPAMOUNT/>
       <VATASSBLVALUE/>
       <VATACCEPTEDTAXAMT/>
       <VATACCEPTEDADDLTAXAMT/>
       <CASHRECEIVED/>
       <CAPVATASSEABLEVALUE/>
       <CAPVATTAXVALUE/>
       <ORIGPURCHVALUE/>
       <SUPPLYMARGVAL/>
       <DENOMINATIONCOUNT2000X>0</DENOMINATIONCOUNT2000X>
       <DENOMINATIONCOUNT1000X>0</DENOMINATIONCOUNT1000X>
       <DENOMINATIONCOUNT500X>0</DENOMINATIONCOUNT500X>
       <DENOMINATIONCOUNT200X>0</DENOMINATIONCOUNT200X>
       <DENOMINATIONCOUNT100X>0</DENOMINATIONCOUNT100X>
       <DENOMINATIONCOUNT50X>0</DENOMINATIONCOUNT50X>
       <DENOMINATIONCOUNT20X>0</DENOMINATIONCOUNT20X>
       <DENOMINATIONCOUNT10X>0</DENOMINATIONCOUNT10X>
       <DENOMINATIONCOUNT5X>0</DENOMINATIONCOUNT5X>
       <DENOMINATIONCOUNT2X>0</DENOMINATIONCOUNT2X>
       <DENOMINATIONCOUNT1X>0</DENOMINATIONCOUNT1X>
       <DENOMINATIONAMOUNTOTHERS/>
       <CURRPARTYLEDGERNAME/>
       <TEMPVATCLASSIFICATION/>
       <INVOICEROUNDINGDIFFVAL/>
       <VATGCCTAXAMOUNT/>
       <GSTCOMPDUTYAMOUNT/>
       <EXCISETEMPDUTYVAL/>
       <ISVATADJLEDGER/>
       <VATASSESMENTATE>0</VATASSESMENTATE>
       <GSTLEDGERDISCOUNT/>
       <GVATLEDGEREXCISE/>
       <GSTDUTYAMOUNT/>
       <RBVATTAXAMOUNT/>
       <SALESCESSTAXAMOUNT/>
       <SERVICETAXDETAILS.LIST>       </SERVICETAXDETAILS.LIST>
       <BANKALLOCATIONS.LIST>       </BANKALLOCATIONS.LIST>
       <BILLALLOCATIONS.LIST>       </BILLALLOCATIONS.LIST>
       <INTERESTCOLLECTION.LIST>       </INTERESTCOLLECTION.LIST>
       <OLDAUDITENTRIES.LIST>       </OLDAUDITENTRIES.LIST>
       <ACCOUNTAUDITENTRIES.LIST>       </ACCOUNTAUDITENTRIES.LIST>
       <AUDITENTRIES.LIST>       </AUDITENTRIES.LIST>
       <INPUTCRALLOCS.LIST>       </INPUTCRALLOCS.LIST>
       <DUTYHEADDETAILS.LIST>       </DUTYHEADDETAILS.LIST>
       <EXCISEDUTYHEADDETAILS.LIST>       </EXCISEDUTYHEADDETAILS.LIST>
       <RATEDETAILS.LIST>       </RATEDETAILS.LIST>
       <SUMMARYALLOCS.LIST>       </SUMMARYALLOCS.LIST>
       <STPYMTDETAILS.LIST>       </STPYMTDETAILS.LIST>
       <EXCISEPAYMENTALLOCATIONS.LIST>       </EXCISEPAYMENTALLOCATIONS.LIST>
       <TAXBILLALLOCATIONS.LIST>       </TAXBILLALLOCATIONS.LIST>
       <TAXOBJECTALLOCATIONS.LIST>       </TAXOBJECTALLOCATIONS.LIST>
       <TDSEXPENSEALLOCATIONS.LIST>       </TDSEXPENSEALLOCATIONS.LIST>
       <VATSTATUTORYDETAILS.LIST>       </VATSTATUTORYDETAILS.LIST>
       <COSTTRACKALLOCATIONS.LIST>       </COSTTRACKALLOCATIONS.LIST>
       <REFVOUCHERDETAILS.LIST>       </REFVOUCHERDETAILS.LIST>
       <INVOICEWISEDETAILS.LIST>       </INVOICEWISEDETAILS.LIST>
       <VATITCDETAILS.LIST>       </VATITCDETAILS.LIST>
       <ADVANCETAXDETAILS.LIST>       </ADVANCETAXDETAILS.LIST>
      </ALLLEDGERENTRIES.LIST>
      <ALLLEDGERENTRIES.LIST>
       <OLDAUDITENTRYIDS.LIST TYPE="Number">
        <OLDAUDITENTRYIDS>-1</OLDAUDITENTRYIDS>
       </OLDAUDITENTRYIDS.LIST>
       <ORIGPURCHINVDATE/>
       <NARRATION/>
       <ADDLALLOCTYPE/>
       <TAXCLASSIFICATIONNAME/>
       <NOTIFICATIONSLNO/>
       <SWIFTCODE/>
       <ROUNDTYPE/>
       <LEDGERNAME>SBI Bank</LEDGERNAME>
       <TAXUNITNAME/>
       <STATNATURENAME/>
       <GOODSTYPE/>
       <METHODTYPE/>
       <CLASSRATE/>
       <STATCLASSIFICATIONNAME/>
       <EXCISECLASSIFICATIONNAME/>
       <ISZRBASICSERVICE/>
       <VATCOMMODITYNAME/>
       <SCHEDULE/>
       <SCHEDULESERIALNUMBER/>
       <VATCOMMODITYCODE/>
       <VATSUBCOMMODITYCODE/>
       <VATTRADENAME/>
       <VATMAJORCOMMODITYNAME/>
       <TDSPARTYNAME/>
       <VATPARTYORGNAME/>
       <XBRLADJTYPE/>
       <VOUCHERFBTCATEGORY/>
       <TYPEOFTAXPAYMENT/>
       <VATCALCULATIONTYPE/>
       <VATWORKSCONTRACTTYPE/>
       <VATWCDESCRIPTION/>
       <GSTCLASS/>
       <SCHVIADJTYPE/>
       <GSTOVRDNCLASSIFICATION/>
       <GSTOVRDNNATURE/>
       <GSTOVRDNINELIGIBLEITC/>
       <GSTOVRDNISREVCHARGEAPPL/>
       <GSTOVRDNTAXABILITY/>
       <GSTHSNSACCODE/>
       <VATGOODSNATURE/>
       <POSPAYMENTTYPE/>
       <GSTPARTYLEDGER/>
       <ORIGPURCHPARTY/>
       <ORIGPURCHPARTYADDRESS/>
       <ORIGPURCHINVNO/>
       <ORIGPURCHNOTE/>
       <ISDEEMEDPOSITIVE>Yes</ISDEEMEDPOSITIVE>
       <LEDGERFROMITEM>No</LEDGERFROMITEM>
       <REMOVEZEROENTRIES>No</REMOVEZEROENTRIES>
       <ISPARTYLEDGER>Yes</ISPARTYLEDGER>
       <ISLASTDEEMEDPOSITIVE>Yes</ISLASTDEEMEDPOSITIVE>
       <ISCAPVATTAXALTERED>No</ISCAPVATTAXALTERED>
       <ISCAPVATNOTCLAIMED>No</ISCAPVATNOTCLAIMED>
       <STCRADJPERCENT>0</STCRADJPERCENT>
       <ROUNDLIMIT>0</ROUNDLIMIT>
       <RATEOFADDLVAT>0</RATEOFADDLVAT>
       <RATEOFCESSONVAT>0</RATEOFCESSONVAT>
       <VATTAXRATE>0</VATTAXRATE>
       <VATITEMQTY>0</VATITEMQTY>
       <PREVINVTOTALNUM>0</PREVINVTOTALNUM>
       <VATWCDEDUCTIONRATE>0</VATWCDEDUCTIONRATE>
       <GSTTAXRATE>0</GSTTAXRATE>
       <ORIGINVGOODSQTY>0</ORIGINVGOODSQTY>
       <CAPVATTAXRATE>0</CAPVATTAXRATE>
       <AMOUNT>-300000.00</AMOUNT>
       <FBTEXEMPTAMOUNT/>
       <VATASSESSABLEVALUE/>
       <VATWCCOSTOFLAND/>
       <VATWCDEDLABOURCHARGES/>
       <VATWCOTHERDEDUCTIONAMT/>
       <VATWCVALUEOFTAXFREEGOODS/>
       <VATWCOTHERCHARGES/>
       <VATWCSUBCONTRACTORAMT/>
       <PREVAMOUNT/>
       <PREVINVTOTALAMT/>
       <VATWCDEDUCTIONAMOUNT/>
       <ORIGINVGOODSVALUE/>
       <CENVATCAPTINPUTAMT/>
       <GSTASSESSABLEVALUE/>
       <IGSTLIABILITY/>
       <CGSTLIABILITY/>
       <SGSTLIABILITY/>
       <GSTCESSLIABILITY/>
       <GSTOVRDNASSESSABLEVALUE/>
       <GSTASSBLVALUE/>
       <ORIGINVGOODSTAXVALUE/>
       <VATWCESTABLISHMENTCOST/>
       <VATWCCONTRACTORPROFIT/>
       <VATWCPLANNINGDESIGNFEES/>
       <VATWCMACHINERYTOOLSCHARGES/>
       <VATWCCONSUMABLESCOST/>
       <VATEXPAMOUNT/>
       <VATASSBLVALUE/>
       <VATACCEPTEDTAXAMT/>
       <VATACCEPTEDADDLTAXAMT/>
       <CASHRECEIVED/>
       <CAPVATASSEABLEVALUE/>
       <CAPVATTAXVALUE/>
       <ORIGPURCHVALUE/>
       <SUPPLYMARGVAL/>
       <DENOMINATIONCOUNT2000X>0</DENOMINATIONCOUNT2000X>
       <DENOMINATIONCOUNT1000X>0</DENOMINATIONCOUNT1000X>
       <DENOMINATIONCOUNT500X>0</DENOMINATIONCOUNT500X>
       <DENOMINATIONCOUNT200X>0</DENOMINATIONCOUNT200X>
       <DENOMINATIONCOUNT100X>0</DENOMINATIONCOUNT100X>
       <DENOMINATIONCOUNT50X>0</DENOMINATIONCOUNT50X>
       <DENOMINATIONCOUNT20X>0</DENOMINATIONCOUNT20X>
       <DENOMINATIONCOUNT10X>0</DENOMINATIONCOUNT10X>
       <DENOMINATIONCOUNT5X>0</DENOMINATIONCOUNT5X>
       <DENOMINATIONCOUNT2X>0</DENOMINATIONCOUNT2X>
       <DENOMINATIONCOUNT1X>0</DENOMINATIONCOUNT1X>
       <DENOMINATIONAMOUNTOTHERS/>
       <CURRPARTYLEDGERNAME/>
       <TEMPVATCLASSIFICATION/>
       <INVOICEROUNDINGDIFFVAL/>
       <VATGCCTAXAMOUNT/>
       <GSTCOMPDUTYAMOUNT/>
       <EXCISETEMPDUTYVAL/>
       <ISVATADJLEDGER/>
       <VATASSESMENTATE>0</VATASSESMENTATE>
       <GSTLEDGERDISCOUNT/>
       <GVATLEDGEREXCISE/>
       <GSTDUTYAMOUNT/>
       <RBVATTAXAMOUNT/>
       <SALESCESSTAXAMOUNT/>
       <SERVICETAXDETAILS.LIST>       </SERVICETAXDETAILS.LIST>
       <BANKALLOCATIONS.LIST>
        <DATE>20210401</DATE>
        <INSTRUMENTDATE>20210401</INSTRUMENTDATE>
        <BANKERSDATE/>
        <INSTRUMENTRETURNDATE/>
        <PDCACTUALDATE/>
        <NAME>86801f98-227f-4ac9-b8e3-1019bb2eee2e</NAME>
        <EMAIL/>
        <TRANSACTIONTYPE>Cheque/DD</TRANSACTIONTYPE>
        <MICRCODE/>
        <IFSCODE/>
        <BANKNAME>ICICI</BANKNAME>
        <NARRATION/>
        <BANKBRANCHNAME/>
        <PAYMENTGATEWAY/>
        <ACCOUNTNUMBER/>
        <PAYMENTFAVOURING>Amit Capital</PAYMENTFAVOURING>
        <TRANSACTIONNAME/>
        <ACCOUNTTYPE/>
        <DELIVERYMODE/>
        <DELIVERYTO/>
        <BANKLOCATION/>
        <CITY/>
        <PRINTLOCATION/>
        <PAYABLELOCATION/>
        <CHEQUECROSSCOMMENT/>
        <TRANSFERMODE/>
        <TRANSACTIONID/>
        <LOCALBANKCHANGES/>
        <BENEFICIARYBANKCHANGES/>
        <IMBCODE/>
        <BANKID/>
        <INSTRUMENTNUMBER>34344</INSTRUMENTNUMBER>
        <TRANSINDEX/>
        <UNIQUEREFERENCENUMBER>4KNyBUqouEReJEE0</UNIQUEREFERENCENUMBER>
        <BENEFICIARYCODE/>
        <STATUS>No</STATUS>
        <BANKERSREMARKS/>
        <CASHDENOMINATION/>
        <MERCHANTID/>
        <TERMINALID/>
        <APPROVALCODE/>
        <BATCHNUMBER/>
        <INVOICENUMBER/>
        <CARDNUMBER/>
        <BANKCODE/>
        <TIPREMARKS/>
        <PAYMENTMODE>Transacted</PAYMENTMODE>
        <SECONDARYSTATUS/>
        <BANKEMPLOYEENAME/>
        <BANKPARTYNAME>Amit Capital</BANKPARTYNAME>
        <PYMTADVICESTATUS/>
        <BRSGROUPID/>
        <CLEARINGBANKCODE/>
        <DRAWEEBANKCODE/>
        <PRINTLOCATIONCODE/>
        <PAYABLELOCATIONCODE/>
        <PDCREMARKS/>
        <SETID/>
        <BANKREFERENCE/>
        <TRANSACTIONDIGEST/>
        <ERRORCODE/>
        <RESERVATIONSTATUS/>
        <ISCONNECTEDPAYMENT>No</ISCONNECTEDPAYMENT>
        <ISSPLIT>No</ISSPLIT>
        <ISCONTRACTUSED>No</ISCONTRACTUSED>
        <ISACCEPTEDWITHWARNING>No</ISACCEPTEDWITHWARNING>
        <ISTRANSFORCED>No</ISTRANSFORCED>
        <ISDELETED/>
        <CHEQUEPRINTED> 1</CHEQUEPRINTED>
        <AMOUNT>-300000.00</AMOUNT>
        <TIPAMOUNT/>
        <SECAMOUNT/>
        <VOIDAMOUNT/>
        <SETTLEAMOUNT/>
        <CHEQUERANGE/>
        <EBANKINGSTATUS/>
        <ISNICKNAMEFIELDEDITED/>
        <ISTRNTYPEFIELDEDITED/>
        <OLDRECONDRAMOUNT/>
        <OLDRECONCRAMOUNT/>
        <DENOMINATIONCOUNT2000X>0</DENOMINATIONCOUNT2000X>
        <DENOMINATIONCOUNT1000X>0</DENOMINATIONCOUNT1000X>
        <DENOMINATIONCOUNT500X>0</DENOMINATIONCOUNT500X>
        <DENOMINATIONCOUNT200X>0</DENOMINATIONCOUNT200X>
        <DENOMINATIONCOUNT100X>0</DENOMINATIONCOUNT100X>
        <DENOMINATIONCOUNT50X>0</DENOMINATIONCOUNT50X>
        <DENOMINATIONCOUNT20X>0</DENOMINATIONCOUNT20X>
        <DENOMINATIONCOUNT10X>0</DENOMINATIONCOUNT10X>
        <DENOMINATIONCOUNT5X>0</DENOMINATIONCOUNT5X>
        <DENOMINATIONCOUNT2X>0</DENOMINATIONCOUNT2X>
        <DENOMINATIONCOUNT1X>0</DENOMINATIONCOUNT1X>
        <DENOMINATIONAMOUNTOTHERS/>
        <CROSSCHEQUEEDITED/>
        <TEMPINSTRUMENTNO/>
        <CONTRACTDETAILS.LIST>        </CONTRACTDETAILS.LIST>
        <BANKSTATUSINFO.LIST>        </BANKSTATUSINFO.LIST>
       </BANKALLOCATIONS.LIST>
       <BILLALLOCATIONS.LIST>       </BILLALLOCATIONS.LIST>
       <INTERESTCOLLECTION.LIST>       </INTERESTCOLLECTION.LIST>
       <OLDAUDITENTRIES.LIST>       </OLDAUDITENTRIES.LIST>
       <ACCOUNTAUDITENTRIES.LIST>       </ACCOUNTAUDITENTRIES.LIST>
       <AUDITENTRIES.LIST>       </AUDITENTRIES.LIST>
       <INPUTCRALLOCS.LIST>       </INPUTCRALLOCS.LIST>
       <DUTYHEADDETAILS.LIST>       </DUTYHEADDETAILS.LIST>
       <EXCISEDUTYHEADDETAILS.LIST>       </EXCISEDUTYHEADDETAILS.LIST>
       <RATEDETAILS.LIST>       </RATEDETAILS.LIST>
       <SUMMARYALLOCS.LIST>       </SUMMARYALLOCS.LIST>
       <STPYMTDETAILS.LIST>       </STPYMTDETAILS.LIST>
       <EXCISEPAYMENTALLOCATIONS.LIST>       </EXCISEPAYMENTALLOCATIONS.LIST>
       <TAXBILLALLOCATIONS.LIST>       </TAXBILLALLOCATIONS.LIST>
       <TAXOBJECTALLOCATIONS.LIST>       </TAXOBJECTALLOCATIONS.LIST>
       <TDSEXPENSEALLOCATIONS.LIST>       </TDSEXPENSEALLOCATIONS.LIST>
       <VATSTATUTORYDETAILS.LIST>       </VATSTATUTORYDETAILS.LIST>
       <COSTTRACKALLOCATIONS.LIST>       </COSTTRACKALLOCATIONS.LIST>
       <REFVOUCHERDETAILS.LIST>       </REFVOUCHERDETAILS.LIST>
       <INVOICEWISEDETAILS.LIST>       </INVOICEWISEDETAILS.LIST>
       <VATITCDETAILS.LIST>       </VATITCDETAILS.LIST>
       <ADVANCETAXDETAILS.LIST>       </ADVANCETAXDETAILS.LIST>
      </ALLLEDGERENTRIES.LIST>
      <PAYROLLMODEOFPAYMENT.LIST>      </PAYROLLMODEOFPAYMENT.LIST>
      <ATTDRECORDS.LIST>      </ATTDRECORDS.LIST>
      <GSTEWAYCONSIGNORADDRESS.LIST>      </GSTEWAYCONSIGNORADDRESS.LIST>
      <GSTEWAYCONSIGNEEADDRESS.LIST>      </GSTEWAYCONSIGNEEADDRESS.LIST>
      <TEMPGSTRATEDETAILS.LIST>      </TEMPGSTRATEDETAILS.LIST>
     </VOUCHER>
    </TALLYMESSAGE>
    <TALLYMESSAGE xmlns:UDF="TallyUDF">
     <VOUCHER REMOTEID="0104ec5d-3a78-4045-b472-e46e6308b8a0-00000002" VCHKEY="0104ec5d-3a78-4045-b472-e46e6308b8a0-0000acfe:00000010" VCHTYPE="Receipt" ACTION="Create" OBJVIEW="Accounting Voucher View">
      <OLDAUDITENTRYIDS.LIST TYPE="Number">
       <OLDAUDITENTRYIDS>-1</OLDAUDITENTRYIDS>
      </OLDAUDITENTRYIDS.LIST>
      <ACTIVETO/>
      <ALTEREDON/>
      <DATE>20210401</DATE>
      <LUTDATEOFISSUE/>
      <LUTEXPIRYDATE/>
      <BONDDATEOFISSUE/>
      <BONDEXPIRYDATE/>
      <TAXCHEQUEDATE/>
      <TAXCHALLANDATE/>
      <REFERENCEDATE/>
      <SHIPPINGBILLDATE/>
      <BILLOFENTRYDATE/>
      <VATPARTYTRANSRETURNDATE/>
      <RECONCILATIONDATE/>
      <FORM16ISSUEDATE/>
      <CSTFORMISSUEDATE/>
      <CSTFORMRECVDATE/>
      <CERTIFICATEDATE/>
      <FBTFROMDATE/>
      <FBTTODATE/>
      <RETURNINVOICEDATE/>
      <AGGREMENTORDERDATE/>
      <GOODSRCPTDATE/>
      <LORRYRECPTDATE/>
      <TRANSSALELANDINGDATE/>
      <TRANSBUYERLANDINGDATE/>
      <CREDITLETTERDATE/>
      <AIRWAYBILLDATE/>
      <VATORDERDATE/>
      <INVDELIVERYDATE/>
      <BILLOFLADINGDATE/>
      <VATDEPOSITDATE/>
      <VATDOCUMENTDATE/>
      <VATCHALLANDATE/>
      <ECDATE/>
      <VATTDSDATE/>
      <ADJFROMDATE/>
      <ADJTODATE/>
      <VATDDCHEQUEDATE/>
      <TAXPAYPERIODFROMDATE/>
      <TAXPAYPERIODTODATE/>
      <STTAXCHALLANDATE/>
      <GSTCHALLANDATE/>
      <GSTCHALLANEXPIRYDATE/>
      <ADJPARTYINVOICEDATE/>
      <ADJPARTYPAYMENTDATE/>
      <PARTYORDERDATE/>
      <ADVANCERECEIPTDATE/>
      <REFUNDVOUCHERDATE/>
      <IRNACKDATE/>
      <IRNCANCELDATE/>
      <VATSUBMISSIONDATE/>
      <PARTYINVDATE/>
      <INSPDOCDATE/>
      <VATCANCINVDATE/>
      <VATGOODSRECEIPTDATE/>
      <VATCSTE1DATE/>
      <DISPATCHDATE/>
      <AUDITEDON/>
      <GUID>0104ec5d-3a78-4045-b472-e46e6308b8a0-00000002</GUID>
      <GSTREGISTRATIONTYPE/>
      <VATDEALERTYPE/>
      <STATENAME/>
      <PRICELEVEL/>
      <TDSNATUREOFPAYMENT/>
      <AUTOCOSTLEVEL/>
      <NARRATION/>
      <REQUESTORRULE/>
      <ALTEREDBY/>
      <COUNTRYOFRESIDENCE/>
      <IMPORTEREXPORTERCODE/>
      <PARTYGSTIN/>
      <NATUREOFSALES/>
      <EXCISENOTIFICATIONNO/>
      <PLACEOFSUPPLY/>
      <LUTNUMBER/>
      <BONDNUMBER/>
      <AUTHORITYNAME/>
      <AUTHORITYADDRESS/>
      <TAXUNITNAME/>
      <EXCISEUNITNAME/>
      <CLASSNAME/>
      <POSCARDLEDGER/>
      <POSCASHLEDGER/>
      <POSGIFTLEDGER/>
      <POSCHEQUELEDGER/>
      <EXCISECLASSIFICATIONNAME/>
      <TDSSECTIONNO/>
      <TDSDEDNSTATUS/>
      <TAXBANKCHALLANNUMBER/>
      <TAXCHALLANBSRCODE/>
      <TAXCHEQUENUMBER/>
      <TAXBANKNAME/>
      <TAXBANKBRANCHNAME/>
      <PARTYNAME/>
      <PARTYLEDGERNAME>CASH</PARTYLEDGERNAME>
      <GSTACTIVITYSTATUS/>
      <TAXADJUSTMENT/>
      <BUYERADDRESSTYPE/>
      <PORTCODE/>
      <SHIPPINGBILLNO/>
      <BILLOFENTRYNO/>
      <VATPARTYTRANSRETURNNUMBER/>
      <URDORIGINALSALEVALUE/>
      <GSTNATUREOFRETURN/>
      <VOUCHERTYPENAME>Receipt</VOUCHERTYPENAME>
      <REFERENCE/>
      <VOUCHERNUMBER>2</VOUCHERNUMBER>
      <BASICBASEPARTYNAME/>
      <BASICVOUCHERCHEQUENAME/>
      <BASICVOUCHERCROSSCOMMENT/>
      <EXCHGCURRENCYNAME/>
      <SERIALMASTER/>
      <SERIALNUMBER/>
      <STATADJUSTMENTTYPE/>
      <STATPAYMENTTYPE/>
      <CONSIGNEEIECODE/>
      <SUPPLIERIECODE/>
      <ARESERIALMASTER/>
      <ARESERIALNUMBER/>
      <SUMAUTOVCHNUM/>
      <TAXBANKACCOUNTNUMBER/>
      <CSTFORMISSUETYPE/>
      <CSTFORMISSUENUMBER/>
      <CSTFORMRECVTYPE/>
      <CSTFORMRECVNUMBER/>
      <CONSIGNEECSTNUMBER/>
      <BUYERSCSTNUMBER/>
      <CSTFORMISSUESERIESNUM/>
      <CSTFORMRECVSERIESNUM/>
      <EXCISETREASURYNUMBER/>
      <EXCISETREASURYNAME/>
      <CERTIFICATETYPE/>
      <CERTIFICATENUMBER/>
      <AREFORMTYPE/>
      <DESTINATIONTAXUNIT/>
      <FBTPAYMENTTYPE>Default</FBTPAYMENTTYPE>
      <POSCARDNUMBER/>
      <POSCHEQUENUMBER/>
      <POSCHEQUEBANKNAME/>
      <CHALLANTYPE/>
      <CHEQUEDEPOSITORNAME/>
      <EXCISENOTIFICATIONSERIALNO/>
      <PERSISTEDVIEW>Accounting Voucher View</PERSISTEDVIEW>
      <EXCISETARIFFTYPE/>
      <CONSIGNEELBTREGNNO/>
      <CONSIGNEELBTZONE/>
      <SUPPLIERLBTREGNNO/>
      <SUPPLIERLBTZONE/>
      <LBTMAPPEDCATEGORY/>
      <LBTMAPPEDZONE/>
      <LBTNATUREOFLIABILITY/>
      <CASHPARTYPAN/>
      <CASHPARTYDEDTYPE/>
      <VCHTAXTYPE/>
      <PURPOSEOFPURCHASE/>
      <POINTOFTRANSACTION/>
      <TRANSPORTERNAME/>
      <TRANSPORTMODE/>
      <AGGREMENTORDERNO/>
      <FOREIGNSELLERNAME/>
      <EXPORTERCOUNTRY/>
      <GOODSVEHICLENUMBER/>
      <SHIPNAME/>
      <SHIPAGENTNAME/>
      <CLEARINGAGENTNAME/>
      <LORRYRECPTNO/>
      <CARRIERNAME/>
      <CREDITLETTERREF/>
      <AIRWAYBILLNO/>
      <FWDAGENTNAME/>
      <VATORDERNO/>
      <VATSELLERTIN/>
      <TRANSSOURCEPLACE/>
      <TRANSCATEGORY/>
      <VATDOCUMENTTYPE/>
      <VATTRANSBILLQTY/>
      <VATTRANSBILLNO/>
      <BILLOFLADINGNO/>
      <VATPAIDAGAINST/>
      <VATBANKNAME/>
      <VATBANKBRANCH/>
      <VATDDCHEQUENO/>
      <VATADJUSTMENTTYPE/>
      <VATFORMSTATUS/>
      <VATDOCUMENTNUMBER/>
      <VATSOURCESTATE/>
      <VATDESTINATIONSTATE/>
      <VATDESTINATIONPLACE/>
      <VATPARTYORGTYPE/>
      <VATPARTYTYPE/>
      <VATCHALLANNUMBER/>
      <VATDESIGOFPURCHASER/>
      <VATPURCHASERCPTTYPE/>
      <VATGOODSRCPTNO/>
      <VATPARTYORGNAME/>
      <AIRPORTNAME/>
      <TDNOFAWARDER/>
      <ECNUMBER/>
      <ECISSUINGAUTHORITY/>
      <CONTRACTORTIN/>
      <VATTDSBARCODE/>
      <VATPYMTMODEOFDEPOSIT/>
      <VATPYMTTAXDESC/>
      <VATBANKACCNUMBER/>
      <VATBRANCHCODE/>
      <VATTRANSSOURCE/>
      <VATADJADDLDETAILS/>
      <VATBRANCHNAME/>
      <PRIORITYSTATECONFLICT/>
      <EICHECKPOST/>
      <PORTNAME/>
      <VATEFORMAPPLICABLE/>
      <VATEFORMAPPLICABLENO/>
      <VATINCOURSEOF/>
      <VATDISPATCHTIME/>
      <VATTRANSPORTERADDRESS/>
      <VATCONTRACTEETDN/>
      <VATCONTRACTEEDISTRICT/>
      <VATCONTRACTEENAME/>
      <CONSUMERIDENTIFICATIONNUMBER/>
      <STTVCHRHANDLE/>
      <SRVTREGNUMBER/>
      <TAXPAYMENTTYPE/>
      <STTAXBANKCHALLANNUMBER/>
      <TYPEOFEXCISEVOUCHER/>
      <GSTBANKNAME/>
      <GSTBANKACCOUNTNUMBER/>
      <GSTBANKACCOUNTTYPE/>
      <GSTBANKACCOUNTHOLDER/>
      <GSTBANKBRANCHADDRESS/>
      <GSTBANKIFSCCODE/>
      <GSTBANKMICRCODE/>
      <GSTDEBITDOCNUMBER/>
      <GSTPYMTMODEOFDEPOSIT/>
      <GSTBANKBRANCHNAME/>
      <GSTINSTRUMENTNUMBER/>
      <GSTCHALLANNUMBER/>
      <GSTCPINNUMBER/>
      <GSTCINNUMBER/>
      <ADJPARTYGSTIN/>
      <ADJPARTYINVOICENO/>
      <GSTMERCHANTID/>
      <PARTYORDERNO/>
      <GSTITCREVERSALDETAILS/>
      <GSTITCDOCUMENTTYPE/>
      <GSTADDITIONALDETAILS/>
      <GSTRECONSTATUS/>
      <GSTREASONFORREJECTION/>
      <ADVANCERECEIPTNUMBER/>
      <REFUNDVOUCHERNUMBER/>
      <VCHTAXUNIT/>
      <CONSIGNEEGSTIN/>
      <IRNACKNO/>
      <IRN/>
      <IRNQRCODE/>
      <BILLTOPLACE/>
      <SHIPTOPLACE/>
      <DISPATCHFROMNAME/>
      <DISPATCHFROMADDRESSTYPE/>
      <DISPATCHFROMSTATENAME/>
      <DISPATCHFROMPINCODE/>
      <DISPATCHFROMPLACE/>
      <IRNCANCELREASON/>
      <IRNCANCELCODE/>
      <BASICSHIPPEDBY/>
      <BASICDESTINATIONCOUNTRY/>
      <BASICBUYERNAME/>
      <BASICPLACEOFRECEIPT/>
      <BASICSHIPDOCUMENTNO/>
      <BASICPORTOFLOADING/>
      <BASICPORTOFDISCHARGE/>
      <BASICFINALDESTINATION/>
      <BASICORDERREF/>
      <BASICSHIPVESSELNO/>
      <BASICBUYERSSALESTAXNO/>
      <BASICDUEDATEOFPYMT/>
      <BASICSERIALNUMINPLA/>
      <BASICDATETIMEOFINVOICE/>
      <BASICDATETIMEOFREMOVAL/>
      <PARTYADDRESSTYPE/>
      <MFGRADDRESSTYPE/>
      <TRANSPORTERADDRROOM/>
      <TRANSPORTERADDRBLDG/>
      <TRANSPORTERADDRROAD/>
      <TRANSPORTERADDRAREA/>
      <TRANSPORTERADDRTOWN/>
      <TRANSPORTERADDRDIST/>
      <TRANSPORTERADDRSTATE/>
      <TRANSPORTERADDRPINCODE/>
      <TRANSPORTERADDRPHONE/>
      <TRANSPORTERADDRFAX/>
      <TRANSPORTERVEHICLE2/>
      <TRANSPORTLOCALTIN/>
      <VATCFORMISSUESTATE/>
      <PLACEOFSUPPLYSTATE/>
      <PLACEOFSUPPLYCOUNTRY/>
      <EMIRATEPOS/>
      <PARTYMAILINGNAME/>
      <PARTYPINCODE/>
      <CONSIGNEEMAILINGNAME/>
      <CONSIGNEECOUNTRYNAME/>
      <VCHGSTCLASS/>
      <COSTCENTRENAME/>
      <ADDITIONALNARRATION/>
      <PARTYINVNO/>
      <INSPDOCNO/>
      <SETTLEMENTTYPE/>
      <VOUCHERTIME/>
      <HOLDREFERENCE/>
      <VATCANCINVNO/>
      <VATCANCPURCTIN/>
      <VATCANCPURCNAME/>
      <VATTYPEOFDEVICE/>
      <VATBRIEFDESCRIPTION/>
      <VATDEVICENO/>
      <BUYERPINNUMBER/>
      <VATEXPORTENTRYNO/>
      <CONSIGNEEPINNUMBER/>
      <VATEXEMPTCERTIFICATENO/>
      <VATVEHICLENUMBER/>
      <VATGOODSRECEIPTNUMBER/>
      <VATMOBILENUMBER/>
      <VATCSTE1SERIESNO/>
      <VATCSTE1SERIALNO/>
      <VATPERMITFORM/>
      <VATCERTIFICATENO/>
      <CONSIGNEECIRCLE/>
      <CONSIGNEECITY/>
      <CONSIGNEESTATENAME/>
      <CONSIGNEEPINCODE/>
      <CONSIGNEEMOBILENUMBER/>
      <CONSIGNEEOTHERS/>
      <CONSIGNEEMAIL/>
      <DELIVERYCITY/>
      <DELIVERYPINCODE/>
      <DELIVERYOTHERS/>
      <DELIVERYSTATE/>
      <DISPATCHCITY/>
      <DISPATCHPINCODE/>
      <DESTINATIONPERMITNUMBER/>
      <ENTRYCHECKPOSTLOCATION/>
      <EXITCHECKPOSTLOCATION/>
      <VATTDSDEDUCTORNAME/>
      <VCHENTRYMODE/>
      <ENTEREDBY/>
      <VOUCHERTYPEORIGNAME/>
      <DIFFACTUALQTY>No</DIFFACTUALQTY>
      <ISMSTFROMSYNC>No</ISMSTFROMSYNC>
      <ASORIGINAL>No</ASORIGINAL>
      <AUDITED>No</AUDITED>
      <FORJOBCOSTING>No</FORJOBCOSTING>
      <ISOPTIONAL>No</ISOPTIONAL>
      <EFFECTIVEDATE>20210401</EFFECTIVEDATE>
      <USEFOREXCISE>No</USEFOREXCISE>
      <ISFORJOBWORKIN>No</ISFORJOBWORKIN>
      <ALLOWCONSUMPTION>No</ALLOWCONSUMPTION>
      <USEFORINTEREST>No</USEFORINTEREST>
      <USEFORGAINLOSS>No</USEFORGAINLOSS>
      <USEFORGODOWNTRANSFER>No</USEFORGODOWNTRANSFER>
      <USEFORCOMPOUND>No</USEFORCOMPOUND>
      <USEFORSERVICETAX>No</USEFORSERVICETAX>
      <ISDELETED>No</ISDELETED>
      <ISONHOLD>No</ISONHOLD>
      <ISBOENOTAPPLICABLE>No</ISBOENOTAPPLICABLE>
      <ISEXCISEVOUCHER>No</ISEXCISEVOUCHER>
      <EXCISETAXOVERRIDE>No</EXCISETAXOVERRIDE>
      <USEFORTAXUNITTRANSFER>No</USEFORTAXUNITTRANSFER>
      <IGNOREPOSVALIDATION>No</IGNOREPOSVALIDATION>
      <EXCISEOPENING>No</EXCISEOPENING>
      <USEFORFINALPRODUCTION>No</USEFORFINALPRODUCTION>
      <ISTDSOVERRIDDEN>No</ISTDSOVERRIDDEN>
      <ISTCSOVERRIDDEN>No</ISTCSOVERRIDDEN>
      <ISTDSTCSCASHVCH>No</ISTDSTCSCASHVCH>
      <INCLUDEADVPYMTVCH>No</INCLUDEADVPYMTVCH>
      <ISSUBWORKSCONTRACT>No</ISSUBWORKSCONTRACT>
      <ISVATOVERRIDDEN>No</ISVATOVERRIDDEN>
      <IGNOREORIGVCHDATE>No</IGNOREORIGVCHDATE>
      <ISVATPAIDATCUSTOMS>No</ISVATPAIDATCUSTOMS>
      <ISDECLAREDTOCUSTOMS>No</ISDECLAREDTOCUSTOMS>
      <ISSERVICETAXOVERRIDDEN>No</ISSERVICETAXOVERRIDDEN>
      <ISISDVOUCHER>No</ISISDVOUCHER>
      <ISEXCISEOVERRIDDEN>No</ISEXCISEOVERRIDDEN>
      <ISEXCISESUPPLYVCH>No</ISEXCISESUPPLYVCH>
      <ISGSTOVERRIDDEN>No</ISGSTOVERRIDDEN>
      <GSTNOTEXPORTED>No</GSTNOTEXPORTED>
      <IGNOREGSTINVALIDATION>No</IGNOREGSTINVALIDATION>
      <ISGSTREFUND>No</ISGSTREFUND>
      <ISGSTSECSEVENAPPLICABLE>No</ISGSTSECSEVENAPPLICABLE>
      <ISVATPRINCIPALACCOUNT>No</ISVATPRINCIPALACCOUNT>
      <IGNOREEINVVALIDATION>No</IGNOREEINVVALIDATION>
      <IRNJSONEXPORTED>No</IRNJSONEXPORTED>
      <IRNCANCELLED>No</IRNCANCELLED>
      <ISSHIPPINGWITHINSTATE>No</ISSHIPPINGWITHINSTATE>
      <ISOVERSEASTOURISTTRANS>No</ISOVERSEASTOURISTTRANS>
      <ISDESIGNATEDZONEPARTY>No</ISDESIGNATEDZONEPARTY>
      <ISCANCELLED>No</ISCANCELLED>
      <HASCASHFLOW>Yes</HASCASHFLOW>
      <ISPOSTDATED>No</ISPOSTDATED>
      <USETRACKINGNUMBER>No</USETRACKINGNUMBER>
      <ISINVOICE>No</ISINVOICE>
      <MFGJOURNAL>No</MFGJOURNAL>
      <HASDISCOUNTS>No</HASDISCOUNTS>
      <ASPAYSLIP>No</ASPAYSLIP>
      <ISCOSTCENTRE>No</ISCOSTCENTRE>
      <ISSTXNONREALIZEDVCH>No</ISSTXNONREALIZEDVCH>
      <ISEXCISEMANUFACTURERON>No</ISEXCISEMANUFACTURERON>
      <ISBLANKCHEQUE>No</ISBLANKCHEQUE>
      <ISVOID>No</ISVOID>
      <ORDERLINESTATUS>No</ORDERLINESTATUS>
      <VATISAGNSTCANCSALES>No</VATISAGNSTCANCSALES>
      <VATISPURCEXEMPTED>No</VATISPURCEXEMPTED>
      <ISVATRESTAXINVOICE>No</ISVATRESTAXINVOICE>
      <VATISASSESABLECALCVCH>No</VATISASSESABLECALCVCH>
      <ISVATDUTYPAID>Yes</ISVATDUTYPAID>
      <ISDELIVERYSAMEASCONSIGNEE>No</ISDELIVERYSAMEASCONSIGNEE>
      <ISDISPATCHSAMEASCONSIGNOR>No</ISDISPATCHSAMEASCONSIGNOR>
      <ISDELETEDVCHRETAINED>No</ISDELETEDVCHRETAINED>
      <CHANGEVCHMODE>No</CHANGEVCHMODE>
      <RESETIRNQRCODE>No</RESETIRNQRCODE>
      <ALTERID> 2</ALTERID>
      <MASTERID> 2</MASTERID>
      <VOUCHERKEY>190206921670672</VOUCHERKEY>
      <ECFEERATE>0</ECFEERATE>
      <VATCONSIGNMENTNO>0</VATCONSIGNMENTNO>
      <QRCODECRC>0</QRCODECRC>
      <VATTDSRATE>0</VATTDSRATE>
      <BONDAMOUNT/>
      <POSCASHRECEIVED/>
      <CUSTOMDUTYPAID/>
      <VATPARTYITCCLAIMED/>
      <VATPARTYTAXLIABILITY/>
      <VALUEOFWORKSCONTRACT/>
      <ECFEEAMOUNT/>
      <ECFEEDEPOSITBYAWARDER/>
      <ECFEEDEPOSITBYCONTRACTOR/>
      <TDSDEDUCTED/>
      <VALUEOFSUBWORKSCONT/>
      <VATTDSAMT/>
      <ADJPARTYINVOICEVALUE/>
      <GSTINVASSESSABLEVALUE/>
      <VATGOODSVALUE/>
      <EXCHGRATE/>
      <PROCESSINGDURATION/>
      <TEMPGSTEWAYCONSIGNORADDRESSTYPE/>
      <TEMPGSTEWAYCONSIGNEEADDRESSTYPE/>
      <EIDEFAULTLED_ISZRBASICSERVICE/>
      <PREVBOMNAME/>
      <CURBOMNAME/>
      <COMMONNATUREOFPAYMENT/>
      <TEMPISVCHSUPPLFILLED/>
      <CURRPARTYLEDGERNAME/>
      <CURRBASICBUYERNAME/>
      <CURRPARTYNAME/>
      <CURRBUYERADDRESSTYPE/>
      <CURRPARTYADDRESSTYPE/>
      <CURRSTATENAME/>
      <CURRBASICPURCHASEORDERNO/>
      <CURRBASICSHIPDELIVERYNOTE/>
      <POSSTAXPARTYLEDGERNAME/>
      <ISCSTAGTFORMC/>
      <EIDEFAULTLED_ISUSERDEFINED/>
      <EIDEFAULTLED_CLASSNAME/>
      <EIDEFAULTLED_CLASSRATE>0</EIDEFAULTLED_CLASSRATE>
      <EIDEFAULTLED_CLASSADDLRATE>0</EIDEFAULTLED_CLASSADDLRATE>
      <TEMPVATCLASSIFICATION/>
      <ISATTDDATAPRESERVED/>
      <TEMPGSTEWAYBILLNUMBER/>
      <TEMPGSTEWAYBILLDATE/>
      <TEMPGSTEWAYSUBTYPE/>
      <TEMPGSTEWAYDOCUMENTTYPE/>
      <TEMPGSTEWAYSTATUS/>
      <TEMPGSTEWAYCONSIGNOR/>
      <TEMPGSTEWAYCONSIGNORADDRESS/>
      <TEMPGSTEWAYFROMPLACE/>
      <TEMPCONSIGNORPINCODENUMBER>0</TEMPCONSIGNORPINCODENUMBER>
      <TEMPGSTEWAYPINCODENUMBER>0</TEMPGSTEWAYPINCODENUMBER>
      <TEMPGSTEWAYPINCODE/>
      <TEMPGSTEWAYCONSIGNORTIN/>
      <TEMPGSTEWAYCONSIGNORSTATE/>
      <TEMPGSTEWAYCONSSHIPFROMSTATE/>
      <TEMPGSTEWAYCONSIGNEE/>
      <TEMPGSTEWAYCONSADDRESS/>
      <TEMPGSTEWAYCONSFROMPLACE/>
      <TEMPGSTEWAYCONSPINCODENUMBER>0</TEMPGSTEWAYCONSPINCODENUMBER>
      <TEMPCONSIGNEEPINCODENUMBER>0</TEMPCONSIGNEEPINCODENUMBER>
      <TEMPGSTEWAYCONSPINCODE/>
      <TEMPGSTEWAYCONSTIN/>
      <TEMPGSTEWAYCONSSTATE/>
      <TEMPGSTEWAYCONSSHIPTOSTATE/>
      <TEMPGSTEWAYTRANSPORTMODE/>
      <TEMPGSTEWAYDISTANCE>0</TEMPGSTEWAYDISTANCE>
      <TEMPGSTEWAYTRANSPORTERNAME/>
      <TEMPGSTEWAYVEHICLENUMBER/>
      <TEMPGSTEWAYTRANSPORTERID/>
      <TEMPGSTEWAYTRANSPORTERDOCNO/>
      <TEMPGSTEWAYTRANSPORTERDOCDATE/>
      <TEMPGSTEWAYVEHICLETYPE/>
      <TEMPGSTEWAYCONSBILLNUMBER/>
      <TEMPGSTEWAYCONSBILLDATE/>
      <TEMPISUSERDEFINEDCLASS/>
      <TEMPCLASSNATURE/>
      <TEMPGSTOVRDNINELIGIBLEITC/>
      <TEMPGSTOVRDNISREVCHARGEAPPL/>
      <TEMPGSTOVRDNTAXABILITY/>
      <TEMPGSTOVRDNISREVCHARGEAPPLSTR/>
      <TEMPGSTOVRDNINELIGIBLEITCSTR/>
      <TEMPGSTVCHDESTINATIONSTATE/>
      <TEMPGSTPARTYLEDLOCTYPE/>
      <TEMPGSTPARTYDEALERTYPE/>
      <TEMPGSTRISCOMMONPARTY/>
      <TEMPGSTRCOUNTRY/>
      <TEMPGSTRSTATE/>
      <TEMPGSTRTIN/>
      <TEMPGSTRDEALERTYPE/>
      <CURRGSTCOUNTRY/>
      <EWAYBILLDETAILS.LIST>      </EWAYBILLDETAILS.LIST>
      <EXCLUDEDTAXATIONS.LIST>      </EXCLUDEDTAXATIONS.LIST>
      <OLDAUDITENTRIES.LIST>      </OLDAUDITENTRIES.LIST>
      <ACCOUNTAUDITENTRIES.LIST>      </ACCOUNTAUDITENTRIES.LIST>
      <AUDITENTRIES.LIST>      </AUDITENTRIES.LIST>
      <DUTYHEADDETAILS.LIST>      </DUTYHEADDETAILS.LIST>
      <SUPPLEMENTARYDUTYHEADDETAILS.LIST>      </SUPPLEMENTARYDUTYHEADDETAILS.LIST>
      <IRNERRORLIST.LIST>      </IRNERRORLIST.LIST>
      <INVOICEDELNOTES.LIST>      </INVOICEDELNOTES.LIST>
      <INVOICEORDERLIST.LIST>      </INVOICEORDERLIST.LIST>
      <INVOICEINDENTLIST.LIST>      </INVOICEINDENTLIST.LIST>
      <ATTENDANCEENTRIES.LIST>      </ATTENDANCEENTRIES.LIST>
      <ORIGINVOICEDETAILS.LIST>      </ORIGINVOICEDETAILS.LIST>
      <INVOICEEXPORTLIST.LIST>      </INVOICEEXPORTLIST.LIST>
      <ALLLEDGERENTRIES.LIST>
       <OLDAUDITENTRYIDS.LIST TYPE="Number">
        <OLDAUDITENTRYIDS>-1</OLDAUDITENTRYIDS>
       </OLDAUDITENTRYIDS.LIST>
       <ORIGPURCHINVDATE/>
       <NARRATION/>
       <ADDLALLOCTYPE/>
       <TAXCLASSIFICATIONNAME/>
       <NOTIFICATIONSLNO/>
       <SWIFTCODE/>
       <ROUNDTYPE/>
       <LEDGERNAME>Amit Capital</LEDGERNAME>
       <TAXUNITNAME/>
       <STATNATURENAME/>
       <GOODSTYPE/>
       <METHODTYPE/>
       <CLASSRATE/>
       <STATCLASSIFICATIONNAME/>
       <EXCISECLASSIFICATIONNAME/>
       <ISZRBASICSERVICE/>
       <VATCOMMODITYNAME/>
       <SCHEDULE/>
       <SCHEDULESERIALNUMBER/>
       <VATCOMMODITYCODE/>
       <VATSUBCOMMODITYCODE/>
       <VATTRADENAME/>
       <VATMAJORCOMMODITYNAME/>
       <TDSPARTYNAME/>
       <VATPARTYORGNAME/>
       <XBRLADJTYPE/>
       <VOUCHERFBTCATEGORY/>
       <TYPEOFTAXPAYMENT/>
       <VATCALCULATIONTYPE/>
       <VATWORKSCONTRACTTYPE/>
       <VATWCDESCRIPTION/>
       <GSTCLASS/>
       <SCHVIADJTYPE/>
       <GSTOVRDNCLASSIFICATION/>
       <GSTOVRDNNATURE/>
       <GSTOVRDNINELIGIBLEITC/>
       <GSTOVRDNISREVCHARGEAPPL/>
       <GSTOVRDNTAXABILITY/>
       <GSTHSNSACCODE/>
       <VATGOODSNATURE/>
       <POSPAYMENTTYPE/>
       <GSTPARTYLEDGER/>
       <ORIGPURCHPARTY/>
       <ORIGPURCHPARTYADDRESS/>
       <ORIGPURCHINVNO/>
       <ORIGPURCHNOTE/>
       <ISDEEMEDPOSITIVE>No</ISDEEMEDPOSITIVE>
       <LEDGERFROMITEM>No</LEDGERFROMITEM>
       <REMOVEZEROENTRIES>No</REMOVEZEROENTRIES>
       <ISPARTYLEDGER>No</ISPARTYLEDGER>
       <ISLASTDEEMEDPOSITIVE>No</ISLASTDEEMEDPOSITIVE>
       <ISCAPVATTAXALTERED>No</ISCAPVATTAXALTERED>
       <ISCAPVATNOTCLAIMED>No</ISCAPVATNOTCLAIMED>
       <STCRADJPERCENT>0</STCRADJPERCENT>
       <ROUNDLIMIT>0</ROUNDLIMIT>
       <RATEOFADDLVAT>0</RATEOFADDLVAT>
       <RATEOFCESSONVAT>0</RATEOFCESSONVAT>
       <VATTAXRATE>0</VATTAXRATE>
       <VATITEMQTY>0</VATITEMQTY>
       <PREVINVTOTALNUM>0</PREVINVTOTALNUM>
       <VATWCDEDUCTIONRATE>0</VATWCDEDUCTIONRATE>
       <GSTTAXRATE>0</GSTTAXRATE>
       <ORIGINVGOODSQTY>0</ORIGINVGOODSQTY>
       <CAPVATTAXRATE>0</CAPVATTAXRATE>
       <AMOUNT>50000.00</AMOUNT>
       <FBTEXEMPTAMOUNT/>
       <VATASSESSABLEVALUE/>
       <VATWCCOSTOFLAND/>
       <VATWCDEDLABOURCHARGES/>
       <VATWCOTHERDEDUCTIONAMT/>
       <VATWCVALUEOFTAXFREEGOODS/>
       <VATWCOTHERCHARGES/>
       <VATWCSUBCONTRACTORAMT/>
       <PREVAMOUNT/>
       <PREVINVTOTALAMT/>
       <VATWCDEDUCTIONAMOUNT/>
       <ORIGINVGOODSVALUE/>
       <CENVATCAPTINPUTAMT/>
       <GSTASSESSABLEVALUE/>
       <IGSTLIABILITY/>
       <CGSTLIABILITY/>
       <SGSTLIABILITY/>
       <GSTCESSLIABILITY/>
       <GSTOVRDNASSESSABLEVALUE/>
       <GSTASSBLVALUE/>
       <ORIGINVGOODSTAXVALUE/>
       <VATWCESTABLISHMENTCOST/>
       <VATWCCONTRACTORPROFIT/>
       <VATWCPLANNINGDESIGNFEES/>
       <VATWCMACHINERYTOOLSCHARGES/>
       <VATWCCONSUMABLESCOST/>
       <VATEXPAMOUNT/>
       <VATASSBLVALUE/>
       <VATACCEPTEDTAXAMT/>
       <VATACCEPTEDADDLTAXAMT/>
       <CASHRECEIVED/>
       <CAPVATASSEABLEVALUE/>
       <CAPVATTAXVALUE/>
       <ORIGPURCHVALUE/>
       <SUPPLYMARGVAL/>
       <DENOMINATIONCOUNT2000X>0</DENOMINATIONCOUNT2000X>
       <DENOMINATIONCOUNT1000X>0</DENOMINATIONCOUNT1000X>
       <DENOMINATIONCOUNT500X>0</DENOMINATIONCOUNT500X>
       <DENOMINATIONCOUNT200X>0</DENOMINATIONCOUNT200X>
       <DENOMINATIONCOUNT100X>0</DENOMINATIONCOUNT100X>
       <DENOMINATIONCOUNT50X>0</DENOMINATIONCOUNT50X>
       <DENOMINATIONCOUNT20X>0</DENOMINATIONCOUNT20X>
       <DENOMINATIONCOUNT10X>0</DENOMINATIONCOUNT10X>
       <DENOMINATIONCOUNT5X>0</DENOMINATIONCOUNT5X>
       <DENOMINATIONCOUNT2X>0</DENOMINATIONCOUNT2X>
       <DENOMINATIONCOUNT1X>0</DENOMINATIONCOUNT1X>
       <DENOMINATIONAMOUNTOTHERS/>
       <CURRPARTYLEDGERNAME/>
       <TEMPVATCLASSIFICATION/>
       <INVOICEROUNDINGDIFFVAL/>
       <VATGCCTAXAMOUNT/>
       <GSTCOMPDUTYAMOUNT/>
       <EXCISETEMPDUTYVAL/>
       <ISVATADJLEDGER/>
       <VATASSESMENTATE>0</VATASSESMENTATE>
       <GSTLEDGERDISCOUNT/>
       <GVATLEDGEREXCISE/>
       <GSTDUTYAMOUNT/>
       <RBVATTAXAMOUNT/>
       <SALESCESSTAXAMOUNT/>
       <SERVICETAXDETAILS.LIST>       </SERVICETAXDETAILS.LIST>
       <BANKALLOCATIONS.LIST>       </BANKALLOCATIONS.LIST>
       <BILLALLOCATIONS.LIST>       </BILLALLOCATIONS.LIST>
       <INTERESTCOLLECTION.LIST>       </INTERESTCOLLECTION.LIST>
       <OLDAUDITENTRIES.LIST>       </OLDAUDITENTRIES.LIST>
       <ACCOUNTAUDITENTRIES.LIST>       </ACCOUNTAUDITENTRIES.LIST>
       <AUDITENTRIES.LIST>       </AUDITENTRIES.LIST>
       <INPUTCRALLOCS.LIST>       </INPUTCRALLOCS.LIST>
       <DUTYHEADDETAILS.LIST>       </DUTYHEADDETAILS.LIST>
       <EXCISEDUTYHEADDETAILS.LIST>       </EXCISEDUTYHEADDETAILS.LIST>
       <RATEDETAILS.LIST>       </RATEDETAILS.LIST>
       <SUMMARYALLOCS.LIST>       </SUMMARYALLOCS.LIST>
       <STPYMTDETAILS.LIST>       </STPYMTDETAILS.LIST>
       <EXCISEPAYMENTALLOCATIONS.LIST>       </EXCISEPAYMENTALLOCATIONS.LIST>
       <TAXBILLALLOCATIONS.LIST>       </TAXBILLALLOCATIONS.LIST>
       <TAXOBJECTALLOCATIONS.LIST>       </TAXOBJECTALLOCATIONS.LIST>
       <TDSEXPENSEALLOCATIONS.LIST>       </TDSEXPENSEALLOCATIONS.LIST>
       <VATSTATUTORYDETAILS.LIST>       </VATSTATUTORYDETAILS.LIST>
       <COSTTRACKALLOCATIONS.LIST>       </COSTTRACKALLOCATIONS.LIST>
       <REFVOUCHERDETAILS.LIST>       </REFVOUCHERDETAILS.LIST>
       <INVOICEWISEDETAILS.LIST>       </INVOICEWISEDETAILS.LIST>
       <VATITCDETAILS.LIST>       </VATITCDETAILS.LIST>
       <ADVANCETAXDETAILS.LIST>       </ADVANCETAXDETAILS.LIST>
      </ALLLEDGERENTRIES.LIST>
      <ALLLEDGERENTRIES.LIST>
       <OLDAUDITENTRYIDS.LIST TYPE="Number">
        <OLDAUDITENTRYIDS>-1</OLDAUDITENTRYIDS>
       </OLDAUDITENTRYIDS.LIST>
       <ORIGPURCHINVDATE/>
       <NARRATION/>
       <ADDLALLOCTYPE/>
       <TAXCLASSIFICATIONNAME/>
       <NOTIFICATIONSLNO/>
       <SWIFTCODE/>
       <ROUNDTYPE/>
       <LEDGERNAME>Vimal Capital</LEDGERNAME>
       <TAXUNITNAME/>
       <STATNATURENAME/>
       <GOODSTYPE/>
       <METHODTYPE/>
       <CLASSRATE/>
       <STATCLASSIFICATIONNAME/>
       <EXCISECLASSIFICATIONNAME/>
       <ISZRBASICSERVICE/>
       <VATCOMMODITYNAME/>
       <SCHEDULE/>
       <SCHEDULESERIALNUMBER/>
       <VATCOMMODITYCODE/>
       <VATSUBCOMMODITYCODE/>
       <VATTRADENAME/>
       <VATMAJORCOMMODITYNAME/>
       <TDSPARTYNAME/>
       <VATPARTYORGNAME/>
       <XBRLADJTYPE/>
       <VOUCHERFBTCATEGORY/>
       <TYPEOFTAXPAYMENT/>
       <VATCALCULATIONTYPE/>
       <VATWORKSCONTRACTTYPE/>
       <VATWCDESCRIPTION/>
       <GSTCLASS/>
       <SCHVIADJTYPE/>
       <GSTOVRDNCLASSIFICATION/>
       <GSTOVRDNNATURE/>
       <GSTOVRDNINELIGIBLEITC/>
       <GSTOVRDNISREVCHARGEAPPL/>
       <GSTOVRDNTAXABILITY/>
       <GSTHSNSACCODE/>
       <VATGOODSNATURE/>
       <POSPAYMENTTYPE/>
       <GSTPARTYLEDGER/>
       <ORIGPURCHPARTY/>
       <ORIGPURCHPARTYADDRESS/>
       <ORIGPURCHINVNO/>
       <ORIGPURCHNOTE/>
       <ISDEEMEDPOSITIVE>No</ISDEEMEDPOSITIVE>
       <LEDGERFROMITEM>No</LEDGERFROMITEM>
       <REMOVEZEROENTRIES>No</REMOVEZEROENTRIES>
       <ISPARTYLEDGER>No</ISPARTYLEDGER>
       <ISLASTDEEMEDPOSITIVE>No</ISLASTDEEMEDPOSITIVE>
       <ISCAPVATTAXALTERED>No</ISCAPVATTAXALTERED>
       <ISCAPVATNOTCLAIMED>No</ISCAPVATNOTCLAIMED>
       <STCRADJPERCENT>0</STCRADJPERCENT>
       <ROUNDLIMIT>0</ROUNDLIMIT>
       <RATEOFADDLVAT>0</RATEOFADDLVAT>
       <RATEOFCESSONVAT>0</RATEOFCESSONVAT>
       <VATTAXRATE>0</VATTAXRATE>
       <VATITEMQTY>0</VATITEMQTY>
       <PREVINVTOTALNUM>0</PREVINVTOTALNUM>
       <VATWCDEDUCTIONRATE>0</VATWCDEDUCTIONRATE>
       <GSTTAXRATE>0</GSTTAXRATE>
       <ORIGINVGOODSQTY>0</ORIGINVGOODSQTY>
       <CAPVATTAXRATE>0</CAPVATTAXRATE>
       <AMOUNT>70000.00</AMOUNT>
       <FBTEXEMPTAMOUNT/>
       <VATASSESSABLEVALUE/>
       <VATWCCOSTOFLAND/>
       <VATWCDEDLABOURCHARGES/>
       <VATWCOTHERDEDUCTIONAMT/>
       <VATWCVALUEOFTAXFREEGOODS/>
       <VATWCOTHERCHARGES/>
       <VATWCSUBCONTRACTORAMT/>
       <PREVAMOUNT/>
       <PREVINVTOTALAMT/>
       <VATWCDEDUCTIONAMOUNT/>
       <ORIGINVGOODSVALUE/>
       <CENVATCAPTINPUTAMT/>
       <GSTASSESSABLEVALUE/>
       <IGSTLIABILITY/>
       <CGSTLIABILITY/>
       <SGSTLIABILITY/>
       <GSTCESSLIABILITY/>
       <GSTOVRDNASSESSABLEVALUE/>
       <GSTASSBLVALUE/>
       <ORIGINVGOODSTAXVALUE/>
       <VATWCESTABLISHMENTCOST/>
       <VATWCCONTRACTORPROFIT/>
       <VATWCPLANNINGDESIGNFEES/>
       <VATWCMACHINERYTOOLSCHARGES/>
       <VATWCCONSUMABLESCOST/>
       <VATEXPAMOUNT/>
       <VATASSBLVALUE/>
       <VATACCEPTEDTAXAMT/>
       <VATACCEPTEDADDLTAXAMT/>
       <CASHRECEIVED/>
       <CAPVATASSEABLEVALUE/>
       <CAPVATTAXVALUE/>
       <ORIGPURCHVALUE/>
       <SUPPLYMARGVAL/>
       <DENOMINATIONCOUNT2000X>0</DENOMINATIONCOUNT2000X>
       <DENOMINATIONCOUNT1000X>0</DENOMINATIONCOUNT1000X>
       <DENOMINATIONCOUNT500X>0</DENOMINATIONCOUNT500X>
       <DENOMINATIONCOUNT200X>0</DENOMINATIONCOUNT200X>
       <DENOMINATIONCOUNT100X>0</DENOMINATIONCOUNT100X>
       <DENOMINATIONCOUNT50X>0</DENOMINATIONCOUNT50X>
       <DENOMINATIONCOUNT20X>0</DENOMINATIONCOUNT20X>
       <DENOMINATIONCOUNT10X>0</DENOMINATIONCOUNT10X>
       <DENOMINATIONCOUNT5X>0</DENOMINATIONCOUNT5X>
       <DENOMINATIONCOUNT2X>0</DENOMINATIONCOUNT2X>
       <DENOMINATIONCOUNT1X>0</DENOMINATIONCOUNT1X>
       <DENOMINATIONAMOUNTOTHERS/>
       <CURRPARTYLEDGERNAME/>
       <TEMPVATCLASSIFICATION/>
       <INVOICEROUNDINGDIFFVAL/>
       <VATGCCTAXAMOUNT/>
       <GSTCOMPDUTYAMOUNT/>
       <EXCISETEMPDUTYVAL/>
       <ISVATADJLEDGER/>
       <VATASSESMENTATE>0</VATASSESMENTATE>
       <GSTLEDGERDISCOUNT/>
       <GVATLEDGEREXCISE/>
       <GSTDUTYAMOUNT/>
       <RBVATTAXAMOUNT/>
       <SALESCESSTAXAMOUNT/>
       <SERVICETAXDETAILS.LIST>       </SERVICETAXDETAILS.LIST>
       <BANKALLOCATIONS.LIST>       </BANKALLOCATIONS.LIST>
       <BILLALLOCATIONS.LIST>       </BILLALLOCATIONS.LIST>
       <INTERESTCOLLECTION.LIST>       </INTERESTCOLLECTION.LIST>
       <OLDAUDITENTRIES.LIST>       </OLDAUDITENTRIES.LIST>
       <ACCOUNTAUDITENTRIES.LIST>       </ACCOUNTAUDITENTRIES.LIST>
       <AUDITENTRIES.LIST>       </AUDITENTRIES.LIST>
       <INPUTCRALLOCS.LIST>       </INPUTCRALLOCS.LIST>
       <DUTYHEADDETAILS.LIST>       </DUTYHEADDETAILS.LIST>
       <EXCISEDUTYHEADDETAILS.LIST>       </EXCISEDUTYHEADDETAILS.LIST>
       <RATEDETAILS.LIST>       </RATEDETAILS.LIST>
       <SUMMARYALLOCS.LIST>       </SUMMARYALLOCS.LIST>
       <STPYMTDETAILS.LIST>       </STPYMTDETAILS.LIST>
       <EXCISEPAYMENTALLOCATIONS.LIST>       </EXCISEPAYMENTALLOCATIONS.LIST>
       <TAXBILLALLOCATIONS.LIST>       </TAXBILLALLOCATIONS.LIST>
       <TAXOBJECTALLOCATIONS.LIST>       </TAXOBJECTALLOCATIONS.LIST>
       <TDSEXPENSEALLOCATIONS.LIST>       </TDSEXPENSEALLOCATIONS.LIST>
       <VATSTATUTORYDETAILS.LIST>       </VATSTATUTORYDETAILS.LIST>
       <COSTTRACKALLOCATIONS.LIST>       </COSTTRACKALLOCATIONS.LIST>
       <REFVOUCHERDETAILS.LIST>       </REFVOUCHERDETAILS.LIST>
       <INVOICEWISEDETAILS.LIST>       </INVOICEWISEDETAILS.LIST>
       <VATITCDETAILS.LIST>       </VATITCDETAILS.LIST>
       <ADVANCETAXDETAILS.LIST>       </ADVANCETAXDETAILS.LIST>
      </ALLLEDGERENTRIES.LIST>
      <ALLLEDGERENTRIES.LIST>
       <OLDAUDITENTRYIDS.LIST TYPE="Number">
        <OLDAUDITENTRYIDS>-1</OLDAUDITENTRYIDS>
       </OLDAUDITENTRYIDS.LIST>
       <ORIGPURCHINVDATE/>
       <NARRATION/>
       <ADDLALLOCTYPE/>
       <TAXCLASSIFICATIONNAME/>
       <NOTIFICATIONSLNO/>
       <SWIFTCODE/>
       <ROUNDTYPE/>
       <LEDGERNAME>CASH</LEDGERNAME>
       <TAXUNITNAME/>
       <STATNATURENAME/>
       <GOODSTYPE/>
       <METHODTYPE/>
       <CLASSRATE/>
       <STATCLASSIFICATIONNAME/>
       <EXCISECLASSIFICATIONNAME/>
       <ISZRBASICSERVICE/>
       <VATCOMMODITYNAME/>
       <SCHEDULE/>
       <SCHEDULESERIALNUMBER/>
       <VATCOMMODITYCODE/>
       <VATSUBCOMMODITYCODE/>
       <VATTRADENAME/>
       <VATMAJORCOMMODITYNAME/>
       <TDSPARTYNAME/>
       <VATPARTYORGNAME/>
       <XBRLADJTYPE/>
       <VOUCHERFBTCATEGORY/>
       <TYPEOFTAXPAYMENT/>
       <VATCALCULATIONTYPE/>
       <VATWORKSCONTRACTTYPE/>
       <VATWCDESCRIPTION/>
       <GSTCLASS/>
       <SCHVIADJTYPE/>
       <GSTOVRDNCLASSIFICATION/>
       <GSTOVRDNNATURE/>
       <GSTOVRDNINELIGIBLEITC/>
       <GSTOVRDNISREVCHARGEAPPL/>
       <GSTOVRDNTAXABILITY/>
       <GSTHSNSACCODE/>
       <VATGOODSNATURE/>
       <POSPAYMENTTYPE/>
       <GSTPARTYLEDGER/>
       <ORIGPURCHPARTY/>
       <ORIGPURCHPARTYADDRESS/>
       <ORIGPURCHINVNO/>
       <ORIGPURCHNOTE/>
       <ISDEEMEDPOSITIVE>Yes</ISDEEMEDPOSITIVE>
       <LEDGERFROMITEM>No</LEDGERFROMITEM>
       <REMOVEZEROENTRIES>No</REMOVEZEROENTRIES>
       <ISPARTYLEDGER>Yes</ISPARTYLEDGER>
       <ISLASTDEEMEDPOSITIVE>Yes</ISLASTDEEMEDPOSITIVE>
       <ISCAPVATTAXALTERED>No</ISCAPVATTAXALTERED>
       <ISCAPVATNOTCLAIMED>No</ISCAPVATNOTCLAIMED>
       <STCRADJPERCENT>0</STCRADJPERCENT>
       <ROUNDLIMIT>0</ROUNDLIMIT>
       <RATEOFADDLVAT>0</RATEOFADDLVAT>
       <RATEOFCESSONVAT>0</RATEOFCESSONVAT>
       <VATTAXRATE>0</VATTAXRATE>
       <VATITEMQTY>0</VATITEMQTY>
       <PREVINVTOTALNUM>0</PREVINVTOTALNUM>
       <VATWCDEDUCTIONRATE>0</VATWCDEDUCTIONRATE>
       <GSTTAXRATE>0</GSTTAXRATE>
       <ORIGINVGOODSQTY>0</ORIGINVGOODSQTY>
       <CAPVATTAXRATE>0</CAPVATTAXRATE>
       <AMOUNT>-120000.00</AMOUNT>
       <FBTEXEMPTAMOUNT/>
       <VATASSESSABLEVALUE/>
       <VATWCCOSTOFLAND/>
       <VATWCDEDLABOURCHARGES/>
       <VATWCOTHERDEDUCTIONAMT/>
       <VATWCVALUEOFTAXFREEGOODS/>
       <VATWCOTHERCHARGES/>
       <VATWCSUBCONTRACTORAMT/>
       <PREVAMOUNT/>
       <PREVINVTOTALAMT/>
       <VATWCDEDUCTIONAMOUNT/>
       <ORIGINVGOODSVALUE/>
       <CENVATCAPTINPUTAMT/>
       <GSTASSESSABLEVALUE/>
       <IGSTLIABILITY/>
       <CGSTLIABILITY/>
       <SGSTLIABILITY/>
       <GSTCESSLIABILITY/>
       <GSTOVRDNASSESSABLEVALUE/>
       <GSTASSBLVALUE/>
       <ORIGINVGOODSTAXVALUE/>
       <VATWCESTABLISHMENTCOST/>
       <VATWCCONTRACTORPROFIT/>
       <VATWCPLANNINGDESIGNFEES/>
       <VATWCMACHINERYTOOLSCHARGES/>
       <VATWCCONSUMABLESCOST/>
       <VATEXPAMOUNT/>
       <VATASSBLVALUE/>
       <VATACCEPTEDTAXAMT/>
       <VATACCEPTEDADDLTAXAMT/>
       <CASHRECEIVED/>
       <CAPVATASSEABLEVALUE/>
       <CAPVATTAXVALUE/>
       <ORIGPURCHVALUE/>
       <SUPPLYMARGVAL/>
       <DENOMINATIONCOUNT2000X>0</DENOMINATIONCOUNT2000X>
       <DENOMINATIONCOUNT1000X>0</DENOMINATIONCOUNT1000X>
       <DENOMINATIONCOUNT500X>0</DENOMINATIONCOUNT500X>
       <DENOMINATIONCOUNT200X>0</DENOMINATIONCOUNT200X>
       <DENOMINATIONCOUNT100X>0</DENOMINATIONCOUNT100X>
       <DENOMINATIONCOUNT50X>0</DENOMINATIONCOUNT50X>
       <DENOMINATIONCOUNT20X>0</DENOMINATIONCOUNT20X>
       <DENOMINATIONCOUNT10X>0</DENOMINATIONCOUNT10X>
       <DENOMINATIONCOUNT5X>0</DENOMINATIONCOUNT5X>
       <DENOMINATIONCOUNT2X>0</DENOMINATIONCOUNT2X>
       <DENOMINATIONCOUNT1X>0</DENOMINATIONCOUNT1X>
       <DENOMINATIONAMOUNTOTHERS/>
       <CURRPARTYLEDGERNAME/>
       <TEMPVATCLASSIFICATION/>
       <INVOICEROUNDINGDIFFVAL/>
       <VATGCCTAXAMOUNT/>
       <GSTCOMPDUTYAMOUNT/>
       <EXCISETEMPDUTYVAL/>
       <ISVATADJLEDGER/>
       <VATASSESMENTATE>0</VATASSESMENTATE>
       <GSTLEDGERDISCOUNT/>
       <GVATLEDGEREXCISE/>
       <GSTDUTYAMOUNT/>
       <RBVATTAXAMOUNT/>
       <SALESCESSTAXAMOUNT/>
       <SERVICETAXDETAILS.LIST>       </SERVICETAXDETAILS.LIST>
       <BANKALLOCATIONS.LIST>       </BANKALLOCATIONS.LIST>
       <BILLALLOCATIONS.LIST>       </BILLALLOCATIONS.LIST>
       <INTERESTCOLLECTION.LIST>       </INTERESTCOLLECTION.LIST>
       <OLDAUDITENTRIES.LIST>       </OLDAUDITENTRIES.LIST>
       <ACCOUNTAUDITENTRIES.LIST>       </ACCOUNTAUDITENTRIES.LIST>
       <AUDITENTRIES.LIST>       </AUDITENTRIES.LIST>
       <INPUTCRALLOCS.LIST>       </INPUTCRALLOCS.LIST>
       <DUTYHEADDETAILS.LIST>       </DUTYHEADDETAILS.LIST>
       <EXCISEDUTYHEADDETAILS.LIST>       </EXCISEDUTYHEADDETAILS.LIST>
       <RATEDETAILS.LIST>       </RATEDETAILS.LIST>
       <SUMMARYALLOCS.LIST>       </SUMMARYALLOCS.LIST>
       <STPYMTDETAILS.LIST>       </STPYMTDETAILS.LIST>
       <EXCISEPAYMENTALLOCATIONS.LIST>       </EXCISEPAYMENTALLOCATIONS.LIST>
       <TAXBILLALLOCATIONS.LIST>       </TAXBILLALLOCATIONS.LIST>
       <TAXOBJECTALLOCATIONS.LIST>       </TAXOBJECTALLOCATIONS.LIST>
       <TDSEXPENSEALLOCATIONS.LIST>       </TDSEXPENSEALLOCATIONS.LIST>
       <VATSTATUTORYDETAILS.LIST>       </VATSTATUTORYDETAILS.LIST>
       <COSTTRACKALLOCATIONS.LIST>       </COSTTRACKALLOCATIONS.LIST>
       <REFVOUCHERDETAILS.LIST>       </REFVOUCHERDETAILS.LIST>
       <INVOICEWISEDETAILS.LIST>       </INVOICEWISEDETAILS.LIST>
       <VATITCDETAILS.LIST>       </VATITCDETAILS.LIST>
       <ADVANCETAXDETAILS.LIST>       </ADVANCETAXDETAILS.LIST>
      </ALLLEDGERENTRIES.LIST>
      <PAYROLLMODEOFPAYMENT.LIST>      </PAYROLLMODEOFPAYMENT.LIST>
      <ATTDRECORDS.LIST>      </ATTDRECORDS.LIST>
      <GSTEWAYCONSIGNORADDRESS.LIST>      </GSTEWAYCONSIGNORADDRESS.LIST>
      <GSTEWAYCONSIGNEEADDRESS.LIST>      </GSTEWAYCONSIGNEEADDRESS.LIST>
      <TEMPGSTRATEDETAILS.LIST>      </TEMPGSTRATEDETAILS.LIST>
     </VOUCHER>
    </TALLYMESSAGE>
    <TALLYMESSAGE xmlns:UDF="TallyUDF">
     <VOUCHER REMOTEID="0104ec5d-3a78-4045-b472-e46e6308b8a0-00000003" VCHKEY="0104ec5d-3a78-4045-b472-e46e6308b8a0-0000acfe:00000018" VCHTYPE="Receipt" ACTION="Create" OBJVIEW="Accounting Voucher View">
      <OLDAUDITENTRYIDS.LIST TYPE="Number">
       <OLDAUDITENTRYIDS>-1</OLDAUDITENTRYIDS>
      </OLDAUDITENTRYIDS.LIST>
      <ACTIVETO/>
      <ALTEREDON/>
      <DATE>20210401</DATE>
      <LUTDATEOFISSUE/>
      <LUTEXPIRYDATE/>
      <BONDDATEOFISSUE/>
      <BONDEXPIRYDATE/>
      <TAXCHEQUEDATE/>
      <TAXCHALLANDATE/>
      <REFERENCEDATE/>
      <SHIPPINGBILLDATE/>
      <BILLOFENTRYDATE/>
      <VATPARTYTRANSRETURNDATE/>
      <RECONCILATIONDATE/>
      <FORM16ISSUEDATE/>
      <CSTFORMISSUEDATE/>
      <CSTFORMRECVDATE/>
      <CERTIFICATEDATE/>
      <FBTFROMDATE/>
      <FBTTODATE/>
      <RETURNINVOICEDATE/>
      <AGGREMENTORDERDATE/>
      <GOODSRCPTDATE/>
      <LORRYRECPTDATE/>
      <TRANSSALELANDINGDATE/>
      <TRANSBUYERLANDINGDATE/>
      <CREDITLETTERDATE/>
      <AIRWAYBILLDATE/>
      <VATORDERDATE/>
      <INVDELIVERYDATE/>
      <BILLOFLADINGDATE/>
      <VATDEPOSITDATE/>
      <VATDOCUMENTDATE/>
      <VATCHALLANDATE/>
      <ECDATE/>
      <VATTDSDATE/>
      <ADJFROMDATE/>
      <ADJTODATE/>
      <VATDDCHEQUEDATE/>
      <TAXPAYPERIODFROMDATE/>
      <TAXPAYPERIODTODATE/>
      <STTAXCHALLANDATE/>
      <GSTCHALLANDATE/>
      <GSTCHALLANEXPIRYDATE/>
      <ADJPARTYINVOICEDATE/>
      <ADJPARTYPAYMENTDATE/>
      <PARTYORDERDATE/>
      <ADVANCERECEIPTDATE/>
      <REFUNDVOUCHERDATE/>
      <IRNACKDATE/>
      <IRNCANCELDATE/>
      <VATSUBMISSIONDATE/>
      <PARTYINVDATE/>
      <INSPDOCDATE/>
      <VATCANCINVDATE/>
      <VATGOODSRECEIPTDATE/>
      <VATCSTE1DATE/>
      <DISPATCHDATE/>
      <AUDITEDON/>
      <GUID>0104ec5d-3a78-4045-b472-e46e6308b8a0-00000003</GUID>
      <GSTREGISTRATIONTYPE/>
      <VATDEALERTYPE/>
      <STATENAME/>
      <PRICELEVEL/>
      <TDSNATUREOFPAYMENT/>
      <AUTOCOSTLEVEL/>
      <NARRATION>payment received by cheque 345434 icici</NARRATION>
      <REQUESTORRULE/>
      <ALTEREDBY/>
      <COUNTRYOFRESIDENCE/>
      <IMPORTEREXPORTERCODE/>
      <PARTYGSTIN/>
      <NATUREOFSALES/>
      <EXCISENOTIFICATIONNO/>
      <PLACEOFSUPPLY/>
      <LUTNUMBER/>
      <BONDNUMBER/>
      <AUTHORITYNAME/>
      <AUTHORITYADDRESS/>
      <TAXUNITNAME/>
      <EXCISEUNITNAME/>
      <CLASSNAME/>
      <POSCARDLEDGER/>
      <POSCASHLEDGER/>
      <POSGIFTLEDGER/>
      <POSCHEQUELEDGER/>
      <EXCISECLASSIFICATIONNAME/>
      <TDSSECTIONNO/>
      <TDSDEDNSTATUS/>
      <TAXBANKCHALLANNUMBER/>
      <TAXCHALLANBSRCODE/>
      <TAXCHEQUENUMBER/>
      <TAXBANKNAME/>
      <TAXBANKBRANCHNAME/>
      <PARTYNAME/>
      <PARTYLEDGERNAME>D K Ltd</PARTYLEDGERNAME>
      <GSTACTIVITYSTATUS/>
      <TAXADJUSTMENT/>
      <BUYERADDRESSTYPE/>
      <PORTCODE/>
      <SHIPPINGBILLNO/>
      <BILLOFENTRYNO/>
      <VATPARTYTRANSRETURNNUMBER/>
      <URDORIGINALSALEVALUE/>
      <GSTNATUREOFRETURN/>
      <VOUCHERTYPENAME>Receipt</VOUCHERTYPENAME>
      <REFERENCE/>
      <VOUCHERNUMBER>3</VOUCHERNUMBER>
      <BASICBASEPARTYNAME/>
      <BASICVOUCHERCHEQUENAME/>
      <BASICVOUCHERCROSSCOMMENT/>
      <EXCHGCURRENCYNAME/>
      <SERIALMASTER/>
      <SERIALNUMBER/>
      <STATADJUSTMENTTYPE/>
      <STATPAYMENTTYPE/>
      <CONSIGNEEIECODE/>
      <SUPPLIERIECODE/>
      <ARESERIALMASTER/>
      <ARESERIALNUMBER/>
      <SUMAUTOVCHNUM/>
      <TAXBANKACCOUNTNUMBER/>
      <CSTFORMISSUETYPE/>
      <CSTFORMISSUENUMBER/>
      <CSTFORMRECVTYPE/>
      <CSTFORMRECVNUMBER/>
      <CONSIGNEECSTNUMBER/>
      <BUYERSCSTNUMBER/>
      <CSTFORMISSUESERIESNUM/>
      <CSTFORMRECVSERIESNUM/>
      <EXCISETREASURYNUMBER/>
      <EXCISETREASURYNAME/>
      <CERTIFICATETYPE/>
      <CERTIFICATENUMBER/>
      <AREFORMTYPE/>
      <DESTINATIONTAXUNIT/>
      <FBTPAYMENTTYPE>Default</FBTPAYMENTTYPE>
      <POSCARDNUMBER/>
      <POSCHEQUENUMBER/>
      <POSCHEQUEBANKNAME/>
      <CHALLANTYPE/>
      <CHEQUEDEPOSITORNAME/>
      <EXCISENOTIFICATIONSERIALNO/>
      <PERSISTEDVIEW>Accounting Voucher View</PERSISTEDVIEW>
      <EXCISETARIFFTYPE/>
      <CONSIGNEELBTREGNNO/>
      <CONSIGNEELBTZONE/>
      <SUPPLIERLBTREGNNO/>
      <SUPPLIERLBTZONE/>
      <LBTMAPPEDCATEGORY/>
      <LBTMAPPEDZONE/>
      <LBTNATUREOFLIABILITY/>
      <CASHPARTYPAN/>
      <CASHPARTYDEDTYPE/>
      <VCHTAXTYPE/>
      <PURPOSEOFPURCHASE/>
      <POINTOFTRANSACTION/>
      <TRANSPORTERNAME/>
      <TRANSPORTMODE/>
      <AGGREMENTORDERNO/>
      <FOREIGNSELLERNAME/>
      <EXPORTERCOUNTRY/>
      <GOODSVEHICLENUMBER/>
      <SHIPNAME/>
      <SHIPAGENTNAME/>
      <CLEARINGAGENTNAME/>
      <LORRYRECPTNO/>
      <CARRIERNAME/>
      <CREDITLETTERREF/>
      <AIRWAYBILLNO/>
      <FWDAGENTNAME/>
      <VATORDERNO/>
      <VATSELLERTIN/>
      <TRANSSOURCEPLACE/>
      <TRANSCATEGORY/>
      <VATDOCUMENTTYPE/>
      <VATTRANSBILLQTY/>
      <VATTRANSBILLNO/>
      <BILLOFLADINGNO/>
      <VATPAIDAGAINST/>
      <VATBANKNAME/>
      <VATBANKBRANCH/>
      <VATDDCHEQUENO/>
      <VATADJUSTMENTTYPE/>
      <VATFORMSTATUS/>
      <VATDOCUMENTNUMBER/>
      <VATSOURCESTATE/>
      <VATDESTINATIONSTATE/>
      <VATDESTINATIONPLACE/>
      <VATPARTYORGTYPE/>
      <VATPARTYTYPE/>
      <VATCHALLANNUMBER/>
      <VATDESIGOFPURCHASER/>
      <VATPURCHASERCPTTYPE/>
      <VATGOODSRCPTNO/>
      <VATPARTYORGNAME/>
      <AIRPORTNAME/>
      <TDNOFAWARDER/>
      <ECNUMBER/>
      <ECISSUINGAUTHORITY/>
      <CONTRACTORTIN/>
      <VATTDSBARCODE/>
      <VATPYMTMODEOFDEPOSIT/>
      <VATPYMTTAXDESC/>
      <VATBANKACCNUMBER/>
      <VATBRANCHCODE/>
      <VATTRANSSOURCE/>
      <VATADJADDLDETAILS/>
      <VATBRANCHNAME/>
      <PRIORITYSTATECONFLICT/>
      <EICHECKPOST/>
      <PORTNAME/>
      <VATEFORMAPPLICABLE/>
      <VATEFORMAPPLICABLENO/>
      <VATINCOURSEOF/>
      <VATDISPATCHTIME/>
      <VATTRANSPORTERADDRESS/>
      <VATCONTRACTEETDN/>
      <VATCONTRACTEEDISTRICT/>
      <VATCONTRACTEENAME/>
      <CONSUMERIDENTIFICATIONNUMBER/>
      <STTVCHRHANDLE/>
      <SRVTREGNUMBER/>
      <TAXPAYMENTTYPE/>
      <STTAXBANKCHALLANNUMBER/>
      <TYPEOFEXCISEVOUCHER/>
      <GSTBANKNAME/>
      <GSTBANKACCOUNTNUMBER/>
      <GSTBANKACCOUNTTYPE/>
      <GSTBANKACCOUNTHOLDER/>
      <GSTBANKBRANCHADDRESS/>
      <GSTBANKIFSCCODE/>
      <GSTBANKMICRCODE/>
      <GSTDEBITDOCNUMBER/>
      <GSTPYMTMODEOFDEPOSIT/>
      <GSTBANKBRANCHNAME/>
      <GSTINSTRUMENTNUMBER/>
      <GSTCHALLANNUMBER/>
      <GSTCPINNUMBER/>
      <GSTCINNUMBER/>
      <ADJPARTYGSTIN/>
      <ADJPARTYINVOICENO/>
      <GSTMERCHANTID/>
      <PARTYORDERNO/>
      <GSTITCREVERSALDETAILS/>
      <GSTITCDOCUMENTTYPE/>
      <GSTADDITIONALDETAILS/>
      <GSTRECONSTATUS/>
      <GSTREASONFORREJECTION/>
      <ADVANCERECEIPTNUMBER/>
      <REFUNDVOUCHERNUMBER/>
      <VCHTAXUNIT/>
      <CONSIGNEEGSTIN/>
      <IRNACKNO/>
      <IRN/>
      <IRNQRCODE/>
      <BILLTOPLACE/>
      <SHIPTOPLACE/>
      <DISPATCHFROMNAME/>
      <DISPATCHFROMADDRESSTYPE/>
      <DISPATCHFROMSTATENAME/>
      <DISPATCHFROMPINCODE/>
      <DISPATCHFROMPLACE/>
      <IRNCANCELREASON/>
      <IRNCANCELCODE/>
      <BASICSHIPPEDBY/>
      <BASICDESTINATIONCOUNTRY/>
      <BASICBUYERNAME/>
      <BASICPLACEOFRECEIPT/>
      <BASICSHIPDOCUMENTNO/>
      <BASICPORTOFLOADING/>
      <BASICPORTOFDISCHARGE/>
      <BASICFINALDESTINATION/>
      <BASICORDERREF/>
      <BASICSHIPVESSELNO/>
      <BASICBUYERSSALESTAXNO/>
      <BASICDUEDATEOFPYMT/>
      <BASICSERIALNUMINPLA/>
      <BASICDATETIMEOFINVOICE/>
      <BASICDATETIMEOFREMOVAL/>
      <PARTYADDRESSTYPE/>
      <MFGRADDRESSTYPE/>
      <TRANSPORTERADDRROOM/>
      <TRANSPORTERADDRBLDG/>
      <TRANSPORTERADDRROAD/>
      <TRANSPORTERADDRAREA/>
      <TRANSPORTERADDRTOWN/>
      <TRANSPORTERADDRDIST/>
      <TRANSPORTERADDRSTATE/>
      <TRANSPORTERADDRPINCODE/>
      <TRANSPORTERADDRPHONE/>
      <TRANSPORTERADDRFAX/>
      <TRANSPORTERVEHICLE2/>
      <TRANSPORTLOCALTIN/>
      <VATCFORMISSUESTATE/>
      <PLACEOFSUPPLYSTATE/>
      <PLACEOFSUPPLYCOUNTRY/>
      <EMIRATEPOS/>
      <PARTYMAILINGNAME/>
      <PARTYPINCODE/>
      <CONSIGNEEMAILINGNAME/>
      <CONSIGNEECOUNTRYNAME/>
      <VCHGSTCLASS/>
      <COSTCENTRENAME/>
      <ADDITIONALNARRATION/>
      <PARTYINVNO/>
      <INSPDOCNO/>
      <SETTLEMENTTYPE/>
      <VOUCHERTIME/>
      <HOLDREFERENCE/>
      <VATCANCINVNO/>
      <VATCANCPURCTIN/>
      <VATCANCPURCNAME/>
      <VATTYPEOFDEVICE/>
      <VATBRIEFDESCRIPTION/>
      <VATDEVICENO/>
      <BUYERPINNUMBER/>
      <VATEXPORTENTRYNO/>
      <CONSIGNEEPINNUMBER/>
      <VATEXEMPTCERTIFICATENO/>
      <VATVEHICLENUMBER/>
      <VATGOODSRECEIPTNUMBER/>
      <VATMOBILENUMBER/>
      <VATCSTE1SERIESNO/>
      <VATCSTE1SERIALNO/>
      <VATPERMITFORM/>
      <VATCERTIFICATENO/>
      <CONSIGNEECIRCLE/>
      <CONSIGNEECITY/>
      <CONSIGNEESTATENAME/>
      <CONSIGNEEPINCODE/>
      <CONSIGNEEMOBILENUMBER/>
      <CONSIGNEEOTHERS/>
      <CONSIGNEEMAIL/>
      <DELIVERYCITY/>
      <DELIVERYPINCODE/>
      <DELIVERYOTHERS/>
      <DELIVERYSTATE/>
      <DISPATCHCITY/>
      <DISPATCHPINCODE/>
      <DESTINATIONPERMITNUMBER/>
      <ENTRYCHECKPOSTLOCATION/>
      <EXITCHECKPOSTLOCATION/>
      <VATTDSDEDUCTORNAME/>
      <VCHENTRYMODE/>
      <ENTEREDBY/>
      <VOUCHERTYPEORIGNAME/>
      <DIFFACTUALQTY>No</DIFFACTUALQTY>
      <ISMSTFROMSYNC>No</ISMSTFROMSYNC>
      <ASORIGINAL>No</ASORIGINAL>
      <AUDITED>No</AUDITED>
      <FORJOBCOSTING>No</FORJOBCOSTING>
      <ISOPTIONAL>No</ISOPTIONAL>
      <EFFECTIVEDATE>20210401</EFFECTIVEDATE>
      <USEFOREXCISE>No</USEFOREXCISE>
      <ISFORJOBWORKIN>No</ISFORJOBWORKIN>
      <ALLOWCONSUMPTION>No</ALLOWCONSUMPTION>
      <USEFORINTEREST>No</USEFORINTEREST>
      <USEFORGAINLOSS>No</USEFORGAINLOSS>
      <USEFORGODOWNTRANSFER>No</USEFORGODOWNTRANSFER>
      <USEFORCOMPOUND>No</USEFORCOMPOUND>
      <USEFORSERVICETAX>No</USEFORSERVICETAX>
      <ISDELETED>No</ISDELETED>
      <ISONHOLD>No</ISONHOLD>
      <ISBOENOTAPPLICABLE>No</ISBOENOTAPPLICABLE>
      <ISEXCISEVOUCHER>No</ISEXCISEVOUCHER>
      <EXCISETAXOVERRIDE>No</EXCISETAXOVERRIDE>
      <USEFORTAXUNITTRANSFER>No</USEFORTAXUNITTRANSFER>
      <IGNOREPOSVALIDATION>No</IGNOREPOSVALIDATION>
      <EXCISEOPENING>No</EXCISEOPENING>
      <USEFORFINALPRODUCTION>No</USEFORFINALPRODUCTION>
      <ISTDSOVERRIDDEN>No</ISTDSOVERRIDDEN>
      <ISTCSOVERRIDDEN>No</ISTCSOVERRIDDEN>
      <ISTDSTCSCASHVCH>No</ISTDSTCSCASHVCH>
      <INCLUDEADVPYMTVCH>No</INCLUDEADVPYMTVCH>
      <ISSUBWORKSCONTRACT>No</ISSUBWORKSCONTRACT>
      <ISVATOVERRIDDEN>No</ISVATOVERRIDDEN>
      <IGNOREORIGVCHDATE>No</IGNOREORIGVCHDATE>
      <ISVATPAIDATCUSTOMS>No</ISVATPAIDATCUSTOMS>
      <ISDECLAREDTOCUSTOMS>No</ISDECLAREDTOCUSTOMS>
      <ISSERVICETAXOVERRIDDEN>No</ISSERVICETAXOVERRIDDEN>
      <ISISDVOUCHER>No</ISISDVOUCHER>
      <ISEXCISEOVERRIDDEN>No</ISEXCISEOVERRIDDEN>
      <ISEXCISESUPPLYVCH>No</ISEXCISESUPPLYVCH>
      <ISGSTOVERRIDDEN>No</ISGSTOVERRIDDEN>
      <GSTNOTEXPORTED>No</GSTNOTEXPORTED>
      <IGNOREGSTINVALIDATION>No</IGNOREGSTINVALIDATION>
      <ISGSTREFUND>No</ISGSTREFUND>
      <ISGSTSECSEVENAPPLICABLE>No</ISGSTSECSEVENAPPLICABLE>
      <ISVATPRINCIPALACCOUNT>No</ISVATPRINCIPALACCOUNT>
      <IGNOREEINVVALIDATION>No</IGNOREEINVVALIDATION>
      <IRNJSONEXPORTED>No</IRNJSONEXPORTED>
      <IRNCANCELLED>No</IRNCANCELLED>
      <ISSHIPPINGWITHINSTATE>No</ISSHIPPINGWITHINSTATE>
      <ISOVERSEASTOURISTTRANS>No</ISOVERSEASTOURISTTRANS>
      <ISDESIGNATEDZONEPARTY>No</ISDESIGNATEDZONEPARTY>
      <ISCANCELLED>No</ISCANCELLED>
      <HASCASHFLOW>Yes</HASCASHFLOW>
      <ISPOSTDATED>No</ISPOSTDATED>
      <USETRACKINGNUMBER>No</USETRACKINGNUMBER>
      <ISINVOICE>No</ISINVOICE>
      <MFGJOURNAL>No</MFGJOURNAL>
      <HASDISCOUNTS>No</HASDISCOUNTS>
      <ASPAYSLIP>No</ASPAYSLIP>
      <ISCOSTCENTRE>No</ISCOSTCENTRE>
      <ISSTXNONREALIZEDVCH>No</ISSTXNONREALIZEDVCH>
      <ISEXCISEMANUFACTURERON>No</ISEXCISEMANUFACTURERON>
      <ISBLANKCHEQUE>No</ISBLANKCHEQUE>
      <ISVOID>No</ISVOID>
      <ORDERLINESTATUS>No</ORDERLINESTATUS>
      <VATISAGNSTCANCSALES>No</VATISAGNSTCANCSALES>
      <VATISPURCEXEMPTED>No</VATISPURCEXEMPTED>
      <ISVATRESTAXINVOICE>No</ISVATRESTAXINVOICE>
      <VATISASSESABLECALCVCH>No</VATISASSESABLECALCVCH>
      <ISVATDUTYPAID>Yes</ISVATDUTYPAID>
      <ISDELIVERYSAMEASCONSIGNEE>No</ISDELIVERYSAMEASCONSIGNEE>
      <ISDISPATCHSAMEASCONSIGNOR>No</ISDISPATCHSAMEASCONSIGNOR>
      <ISDELETEDVCHRETAINED>No</ISDELETEDVCHRETAINED>
      <CHANGEVCHMODE>No</CHANGEVCHMODE>
      <RESETIRNQRCODE>No</RESETIRNQRCODE>
      <ALTERID> 5</ALTERID>
      <MASTERID> 3</MASTERID>
      <VOUCHERKEY>190206921670680</VOUCHERKEY>
      <ECFEERATE>0</ECFEERATE>
      <VATCONSIGNMENTNO>0</VATCONSIGNMENTNO>
      <QRCODECRC>0</QRCODECRC>
      <VATTDSRATE>0</VATTDSRATE>
      <BONDAMOUNT/>
      <POSCASHRECEIVED/>
      <CUSTOMDUTYPAID/>
      <VATPARTYITCCLAIMED/>
      <VATPARTYTAXLIABILITY/>
      <VALUEOFWORKSCONTRACT/>
      <ECFEEAMOUNT/>
      <ECFEEDEPOSITBYAWARDER/>
      <ECFEEDEPOSITBYCONTRACTOR/>
      <TDSDEDUCTED/>
      <VALUEOFSUBWORKSCONT/>
      <VATTDSAMT/>
      <ADJPARTYINVOICEVALUE/>
      <GSTINVASSESSABLEVALUE/>
      <VATGOODSVALUE/>
      <EXCHGRATE/>
      <PROCESSINGDURATION/>
      <TEMPGSTEWAYCONSIGNORADDRESSTYPE/>
      <TEMPGSTEWAYCONSIGNEEADDRESSTYPE/>
      <EIDEFAULTLED_ISZRBASICSERVICE/>
      <PREVBOMNAME/>
      <CURBOMNAME/>
      <COMMONNATUREOFPAYMENT/>
      <TEMPISVCHSUPPLFILLED/>
      <CURRPARTYLEDGERNAME/>
      <CURRBASICBUYERNAME/>
      <CURRPARTYNAME/>
      <CURRBUYERADDRESSTYPE/>
      <CURRPARTYADDRESSTYPE/>
      <CURRSTATENAME/>
      <CURRBASICPURCHASEORDERNO/>
      <CURRBASICSHIPDELIVERYNOTE/>
      <POSSTAXPARTYLEDGERNAME/>
      <ISCSTAGTFORMC/>
      <EIDEFAULTLED_ISUSERDEFINED/>
      <EIDEFAULTLED_CLASSNAME/>
      <EIDEFAULTLED_CLASSRATE>0</EIDEFAULTLED_CLASSRATE>
      <EIDEFAULTLED_CLASSADDLRATE>0</EIDEFAULTLED_CLASSADDLRATE>
      <TEMPVATCLASSIFICATION/>
      <ISATTDDATAPRESERVED/>
      <TEMPGSTEWAYBILLNUMBER/>
      <TEMPGSTEWAYBILLDATE/>
      <TEMPGSTEWAYSUBTYPE/>
      <TEMPGSTEWAYDOCUMENTTYPE/>
      <TEMPGSTEWAYSTATUS/>
      <TEMPGSTEWAYCONSIGNOR/>
      <TEMPGSTEWAYCONSIGNORADDRESS/>
      <TEMPGSTEWAYFROMPLACE/>
      <TEMPCONSIGNORPINCODENUMBER>0</TEMPCONSIGNORPINCODENUMBER>
      <TEMPGSTEWAYPINCODENUMBER>0</TEMPGSTEWAYPINCODENUMBER>
      <TEMPGSTEWAYPINCODE/>
      <TEMPGSTEWAYCONSIGNORTIN/>
      <TEMPGSTEWAYCONSIGNORSTATE/>
      <TEMPGSTEWAYCONSSHIPFROMSTATE/>
      <TEMPGSTEWAYCONSIGNEE/>
      <TEMPGSTEWAYCONSADDRESS/>
      <TEMPGSTEWAYCONSFROMPLACE/>
      <TEMPGSTEWAYCONSPINCODENUMBER>0</TEMPGSTEWAYCONSPINCODENUMBER>
      <TEMPCONSIGNEEPINCODENUMBER>0</TEMPCONSIGNEEPINCODENUMBER>
      <TEMPGSTEWAYCONSPINCODE/>
      <TEMPGSTEWAYCONSTIN/>
      <TEMPGSTEWAYCONSSTATE/>
      <TEMPGSTEWAYCONSSHIPTOSTATE/>
      <TEMPGSTEWAYTRANSPORTMODE/>
      <TEMPGSTEWAYDISTANCE>0</TEMPGSTEWAYDISTANCE>
      <TEMPGSTEWAYTRANSPORTERNAME/>
      <TEMPGSTEWAYVEHICLENUMBER/>
      <TEMPGSTEWAYTRANSPORTERID/>
      <TEMPGSTEWAYTRANSPORTERDOCNO/>
      <TEMPGSTEWAYTRANSPORTERDOCDATE/>
      <TEMPGSTEWAYVEHICLETYPE/>
      <TEMPGSTEWAYCONSBILLNUMBER/>
      <TEMPGSTEWAYCONSBILLDATE/>
      <TEMPISUSERDEFINEDCLASS/>
      <TEMPCLASSNATURE/>
      <TEMPGSTOVRDNINELIGIBLEITC/>
      <TEMPGSTOVRDNISREVCHARGEAPPL/>
      <TEMPGSTOVRDNTAXABILITY/>
      <TEMPGSTOVRDNISREVCHARGEAPPLSTR/>
      <TEMPGSTOVRDNINELIGIBLEITCSTR/>
      <TEMPGSTVCHDESTINATIONSTATE/>
      <TEMPGSTPARTYLEDLOCTYPE/>
      <TEMPGSTPARTYDEALERTYPE/>
      <TEMPGSTRISCOMMONPARTY/>
      <TEMPGSTRCOUNTRY/>
      <TEMPGSTRSTATE/>
      <TEMPGSTRTIN/>
      <TEMPGSTRDEALERTYPE/>
      <CURRGSTCOUNTRY/>
      <EWAYBILLDETAILS.LIST>      </EWAYBILLDETAILS.LIST>
      <EXCLUDEDTAXATIONS.LIST>      </EXCLUDEDTAXATIONS.LIST>
      <OLDAUDITENTRIES.LIST>      </OLDAUDITENTRIES.LIST>
      <ACCOUNTAUDITENTRIES.LIST>      </ACCOUNTAUDITENTRIES.LIST>
      <AUDITENTRIES.LIST>      </AUDITENTRIES.LIST>
      <DUTYHEADDETAILS.LIST>      </DUTYHEADDETAILS.LIST>
      <SUPPLEMENTARYDUTYHEADDETAILS.LIST>      </SUPPLEMENTARYDUTYHEADDETAILS.LIST>
      <IRNERRORLIST.LIST>      </IRNERRORLIST.LIST>
      <INVOICEDELNOTES.LIST>      </INVOICEDELNOTES.LIST>
      <INVOICEORDERLIST.LIST>      </INVOICEORDERLIST.LIST>
      <INVOICEINDENTLIST.LIST>      </INVOICEINDENTLIST.LIST>
      <ATTENDANCEENTRIES.LIST>      </ATTENDANCEENTRIES.LIST>
      <ORIGINVOICEDETAILS.LIST>      </ORIGINVOICEDETAILS.LIST>
      <INVOICEEXPORTLIST.LIST>      </INVOICEEXPORTLIST.LIST>
      <ALLLEDGERENTRIES.LIST>
       <OLDAUDITENTRYIDS.LIST TYPE="Number">
        <OLDAUDITENTRYIDS>-1</OLDAUDITENTRYIDS>
       </OLDAUDITENTRYIDS.LIST>
       <ORIGPURCHINVDATE/>
       <NARRATION/>
       <ADDLALLOCTYPE/>
       <TAXCLASSIFICATIONNAME/>
       <NOTIFICATIONSLNO/>
       <SWIFTCODE/>
       <ROUNDTYPE/>
       <LEDGERNAME>D K Ltd</LEDGERNAME>
       <TAXUNITNAME/>
       <STATNATURENAME/>
       <GOODSTYPE/>
       <METHODTYPE/>
       <CLASSRATE/>
       <STATCLASSIFICATIONNAME/>
       <EXCISECLASSIFICATIONNAME/>
       <ISZRBASICSERVICE/>
       <VATCOMMODITYNAME/>
       <SCHEDULE/>
       <SCHEDULESERIALNUMBER/>
       <VATCOMMODITYCODE/>
       <VATSUBCOMMODITYCODE/>
       <VATTRADENAME/>
       <VATMAJORCOMMODITYNAME/>
       <TDSPARTYNAME/>
       <VATPARTYORGNAME/>
       <XBRLADJTYPE/>
       <VOUCHERFBTCATEGORY/>
       <TYPEOFTAXPAYMENT/>
       <VATCALCULATIONTYPE/>
       <VATWORKSCONTRACTTYPE/>
       <VATWCDESCRIPTION/>
       <GSTCLASS/>
       <SCHVIADJTYPE/>
       <GSTOVRDNCLASSIFICATION/>
       <GSTOVRDNNATURE/>
       <GSTOVRDNINELIGIBLEITC/>
       <GSTOVRDNISREVCHARGEAPPL/>
       <GSTOVRDNTAXABILITY/>
       <GSTHSNSACCODE/>
       <VATGOODSNATURE/>
       <POSPAYMENTTYPE/>
       <GSTPARTYLEDGER/>
       <ORIGPURCHPARTY/>
       <ORIGPURCHPARTYADDRESS/>
       <ORIGPURCHINVNO/>
       <ORIGPURCHNOTE/>
       <ISDEEMEDPOSITIVE>No</ISDEEMEDPOSITIVE>
       <LEDGERFROMITEM>No</LEDGERFROMITEM>
       <REMOVEZEROENTRIES>No</REMOVEZEROENTRIES>
       <ISPARTYLEDGER>Yes</ISPARTYLEDGER>
       <ISLASTDEEMEDPOSITIVE>No</ISLASTDEEMEDPOSITIVE>
       <ISCAPVATTAXALTERED>No</ISCAPVATTAXALTERED>
       <ISCAPVATNOTCLAIMED>No</ISCAPVATNOTCLAIMED>
       <STCRADJPERCENT>0</STCRADJPERCENT>
       <ROUNDLIMIT>0</ROUNDLIMIT>
       <RATEOFADDLVAT>0</RATEOFADDLVAT>
       <RATEOFCESSONVAT>0</RATEOFCESSONVAT>
       <VATTAXRATE>0</VATTAXRATE>
       <VATITEMQTY>0</VATITEMQTY>
       <PREVINVTOTALNUM>0</PREVINVTOTALNUM>
       <VATWCDEDUCTIONRATE>0</VATWCDEDUCTIONRATE>
       <GSTTAXRATE>0</GSTTAXRATE>
       <ORIGINVGOODSQTY>0</ORIGINVGOODSQTY>
       <CAPVATTAXRATE>0</CAPVATTAXRATE>
       <AMOUNT>6000.00</AMOUNT>
       <FBTEXEMPTAMOUNT/>
       <VATASSESSABLEVALUE/>
       <VATWCCOSTOFLAND/>
       <VATWCDEDLABOURCHARGES/>
       <VATWCOTHERDEDUCTIONAMT/>
       <VATWCVALUEOFTAXFREEGOODS/>
       <VATWCOTHERCHARGES/>
       <VATWCSUBCONTRACTORAMT/>
       <PREVAMOUNT/>
       <PREVINVTOTALAMT/>
       <VATWCDEDUCTIONAMOUNT/>
       <ORIGINVGOODSVALUE/>
       <CENVATCAPTINPUTAMT/>
       <GSTASSESSABLEVALUE/>
       <IGSTLIABILITY/>
       <CGSTLIABILITY/>
       <SGSTLIABILITY/>
       <GSTCESSLIABILITY/>
       <GSTOVRDNASSESSABLEVALUE/>
       <GSTASSBLVALUE/>
       <ORIGINVGOODSTAXVALUE/>
       <VATWCESTABLISHMENTCOST/>
       <VATWCCONTRACTORPROFIT/>
       <VATWCPLANNINGDESIGNFEES/>
       <VATWCMACHINERYTOOLSCHARGES/>
       <VATWCCONSUMABLESCOST/>
       <VATEXPAMOUNT/>
       <VATASSBLVALUE/>
       <VATACCEPTEDTAXAMT/>
       <VATACCEPTEDADDLTAXAMT/>
       <CASHRECEIVED/>
       <CAPVATASSEABLEVALUE/>
       <CAPVATTAXVALUE/>
       <ORIGPURCHVALUE/>
       <SUPPLYMARGVAL/>
       <DENOMINATIONCOUNT2000X>0</DENOMINATIONCOUNT2000X>
       <DENOMINATIONCOUNT1000X>0</DENOMINATIONCOUNT1000X>
       <DENOMINATIONCOUNT500X>0</DENOMINATIONCOUNT500X>
       <DENOMINATIONCOUNT200X>0</DENOMINATIONCOUNT200X>
       <DENOMINATIONCOUNT100X>0</DENOMINATIONCOUNT100X>
       <DENOMINATIONCOUNT50X>0</DENOMINATIONCOUNT50X>
       <DENOMINATIONCOUNT20X>0</DENOMINATIONCOUNT20X>
       <DENOMINATIONCOUNT10X>0</DENOMINATIONCOUNT10X>
       <DENOMINATIONCOUNT5X>0</DENOMINATIONCOUNT5X>
       <DENOMINATIONCOUNT2X>0</DENOMINATIONCOUNT2X>
       <DENOMINATIONCOUNT1X>0</DENOMINATIONCOUNT1X>
       <DENOMINATIONAMOUNTOTHERS/>
       <CURRPARTYLEDGERNAME/>
       <TEMPVATCLASSIFICATION/>
       <INVOICEROUNDINGDIFFVAL/>
       <VATGCCTAXAMOUNT/>
       <GSTCOMPDUTYAMOUNT/>
       <EXCISETEMPDUTYVAL/>
       <ISVATADJLEDGER/>
       <VATASSESMENTATE>0</VATASSESMENTATE>
       <GSTLEDGERDISCOUNT/>
       <GVATLEDGEREXCISE/>
       <GSTDUTYAMOUNT/>
       <RBVATTAXAMOUNT/>
       <SALESCESSTAXAMOUNT/>
       <SERVICETAXDETAILS.LIST>       </SERVICETAXDETAILS.LIST>
       <BANKALLOCATIONS.LIST>       </BANKALLOCATIONS.LIST>
       <BILLALLOCATIONS.LIST>
        <YEAREND/>
        <NAME>A1</NAME>
        <BILLCREDITPERIOD JD="44285" P="31-Mar-2021">31-Mar-2021</BILLCREDITPERIOD>
        <TDSDEDUCTEESECTIONNUMBER/>
        <TDSLEDGERNC/>
        <SERVICETAXLEDGER/>
        <BILLTYPE>Agst Ref</BILLTYPE>
        <SUMNAME/>
        <TDSDEDUCTEEISSPECIALRATE>No</TDSDEDUCTEEISSPECIALRATE>
        <TDSDEDUCTEESPECIALRATE>0</TDSDEDUCTEESPECIALRATE>
        <AMOUNT>1000.00</AMOUNT>
        <INTERESTCOLLECTION.LIST>        </INTERESTCOLLECTION.LIST>
        <STBILLCATEGORIES.LIST>        </STBILLCATEGORIES.LIST>
       </BILLALLOCATIONS.LIST>
       <BILLALLOCATIONS.LIST>
        <YEAREND/>
        <NAME>A2</NAME>
        <BILLCREDITPERIOD JD="44285" P="31-Mar-2021">31-Mar-2021</BILLCREDITPERIOD>
        <TDSDEDUCTEESECTIONNUMBER/>
        <TDSLEDGERNC/>
        <SERVICETAXLEDGER/>
        <BILLTYPE>Agst Ref</BILLTYPE>
        <SUMNAME/>
        <TDSDEDUCTEEISSPECIALRATE>No</TDSDEDUCTEEISSPECIALRATE>
        <TDSDEDUCTEESPECIALRATE>0</TDSDEDUCTEESPECIALRATE>
        <AMOUNT>4000.00</AMOUNT>
        <INTERESTCOLLECTION.LIST>        </INTERESTCOLLECTION.LIST>
        <STBILLCATEGORIES.LIST>        </STBILLCATEGORIES.LIST>
       </BILLALLOCATIONS.LIST>
       <BILLALLOCATIONS.LIST>
        <YEAREND/>
        <NAME>A3</NAME>
        <BILLCREDITPERIOD JD="44285" P="31-Mar-2021">31-Mar-2021</BILLCREDITPERIOD>
        <TDSDEDUCTEESECTIONNUMBER/>
        <TDSLEDGERNC/>
        <SERVICETAXLEDGER/>
        <BILLTYPE>Agst Ref</BILLTYPE>
        <SUMNAME/>
        <TDSDEDUCTEEISSPECIALRATE>No</TDSDEDUCTEEISSPECIALRATE>
        <TDSDEDUCTEESPECIALRATE>0</TDSDEDUCTEESPECIALRATE>
        <AMOUNT>1000.00</AMOUNT>
        <INTERESTCOLLECTION.LIST>        </INTERESTCOLLECTION.LIST>
        <STBILLCATEGORIES.LIST>        </STBILLCATEGORIES.LIST>
       </BILLALLOCATIONS.LIST>
       <INTERESTCOLLECTION.LIST>       </INTERESTCOLLECTION.LIST>
       <OLDAUDITENTRIES.LIST>       </OLDAUDITENTRIES.LIST>
       <ACCOUNTAUDITENTRIES.LIST>       </ACCOUNTAUDITENTRIES.LIST>
       <AUDITENTRIES.LIST>       </AUDITENTRIES.LIST>
       <INPUTCRALLOCS.LIST>       </INPUTCRALLOCS.LIST>
       <DUTYHEADDETAILS.LIST>       </DUTYHEADDETAILS.LIST>
       <EXCISEDUTYHEADDETAILS.LIST>       </EXCISEDUTYHEADDETAILS.LIST>
       <RATEDETAILS.LIST>       </RATEDETAILS.LIST>
       <SUMMARYALLOCS.LIST>       </SUMMARYALLOCS.LIST>
       <STPYMTDETAILS.LIST>       </STPYMTDETAILS.LIST>
       <EXCISEPAYMENTALLOCATIONS.LIST>       </EXCISEPAYMENTALLOCATIONS.LIST>
       <TAXBILLALLOCATIONS.LIST>       </TAXBILLALLOCATIONS.LIST>
       <TAXOBJECTALLOCATIONS.LIST>       </TAXOBJECTALLOCATIONS.LIST>
       <TDSEXPENSEALLOCATIONS.LIST>       </TDSEXPENSEALLOCATIONS.LIST>
       <VATSTATUTORYDETAILS.LIST>       </VATSTATUTORYDETAILS.LIST>
       <COSTTRACKALLOCATIONS.LIST>       </COSTTRACKALLOCATIONS.LIST>
       <REFVOUCHERDETAILS.LIST>       </REFVOUCHERDETAILS.LIST>
       <INVOICEWISEDETAILS.LIST>       </INVOICEWISEDETAILS.LIST>
       <VATITCDETAILS.LIST>       </VATITCDETAILS.LIST>
       <ADVANCETAXDETAILS.LIST>       </ADVANCETAXDETAILS.LIST>
      </ALLLEDGERENTRIES.LIST>
      <ALLLEDGERENTRIES.LIST>
       <OLDAUDITENTRYIDS.LIST TYPE="Number">
        <OLDAUDITENTRYIDS>-1</OLDAUDITENTRYIDS>
       </OLDAUDITENTRYIDS.LIST>
       <ORIGPURCHINVDATE/>
       <NARRATION/>
       <ADDLALLOCTYPE/>
       <TAXCLASSIFICATIONNAME/>
       <NOTIFICATIONSLNO/>
       <SWIFTCODE/>
       <ROUNDTYPE/>
       <LEDGERNAME>SBI Bank</LEDGERNAME>
       <TAXUNITNAME/>
       <STATNATURENAME/>
       <GOODSTYPE/>
       <METHODTYPE/>
       <CLASSRATE/>
       <STATCLASSIFICATIONNAME/>
       <EXCISECLASSIFICATIONNAME/>
       <ISZRBASICSERVICE/>
       <VATCOMMODITYNAME/>
       <SCHEDULE/>
       <SCHEDULESERIALNUMBER/>
       <VATCOMMODITYCODE/>
       <VATSUBCOMMODITYCODE/>
       <VATTRADENAME/>
       <VATMAJORCOMMODITYNAME/>
       <TDSPARTYNAME/>
       <VATPARTYORGNAME/>
       <XBRLADJTYPE/>
       <VOUCHERFBTCATEGORY/>
       <TYPEOFTAXPAYMENT/>
       <VATCALCULATIONTYPE/>
       <VATWORKSCONTRACTTYPE/>
       <VATWCDESCRIPTION/>
       <GSTCLASS/>
       <SCHVIADJTYPE/>
       <GSTOVRDNCLASSIFICATION/>
       <GSTOVRDNNATURE/>
       <GSTOVRDNINELIGIBLEITC/>
       <GSTOVRDNISREVCHARGEAPPL/>
       <GSTOVRDNTAXABILITY/>
       <GSTHSNSACCODE/>
       <VATGOODSNATURE/>
       <POSPAYMENTTYPE/>
       <GSTPARTYLEDGER/>
       <ORIGPURCHPARTY/>
       <ORIGPURCHPARTYADDRESS/>
       <ORIGPURCHINVNO/>
       <ORIGPURCHNOTE/>
       <ISDEEMEDPOSITIVE>Yes</ISDEEMEDPOSITIVE>
       <LEDGERFROMITEM>No</LEDGERFROMITEM>
       <REMOVEZEROENTRIES>No</REMOVEZEROENTRIES>
       <ISPARTYLEDGER>Yes</ISPARTYLEDGER>
       <ISLASTDEEMEDPOSITIVE>Yes</ISLASTDEEMEDPOSITIVE>
       <ISCAPVATTAXALTERED>No</ISCAPVATTAXALTERED>
       <ISCAPVATNOTCLAIMED>No</ISCAPVATNOTCLAIMED>
       <STCRADJPERCENT>0</STCRADJPERCENT>
       <ROUNDLIMIT>0</ROUNDLIMIT>
       <RATEOFADDLVAT>0</RATEOFADDLVAT>
       <RATEOFCESSONVAT>0</RATEOFCESSONVAT>
       <VATTAXRATE>0</VATTAXRATE>
       <VATITEMQTY>0</VATITEMQTY>
       <PREVINVTOTALNUM>0</PREVINVTOTALNUM>
       <VATWCDEDUCTIONRATE>0</VATWCDEDUCTIONRATE>
       <GSTTAXRATE>0</GSTTAXRATE>
       <ORIGINVGOODSQTY>0</ORIGINVGOODSQTY>
       <CAPVATTAXRATE>0</CAPVATTAXRATE>
       <AMOUNT>-6000.00</AMOUNT>
       <FBTEXEMPTAMOUNT/>
       <VATASSESSABLEVALUE/>
       <VATWCCOSTOFLAND/>
       <VATWCDEDLABOURCHARGES/>
       <VATWCOTHERDEDUCTIONAMT/>
       <VATWCVALUEOFTAXFREEGOODS/>
       <VATWCOTHERCHARGES/>
       <VATWCSUBCONTRACTORAMT/>
       <PREVAMOUNT/>
       <PREVINVTOTALAMT/>
       <VATWCDEDUCTIONAMOUNT/>
       <ORIGINVGOODSVALUE/>
       <CENVATCAPTINPUTAMT/>
       <GSTASSESSABLEVALUE/>
       <IGSTLIABILITY/>
       <CGSTLIABILITY/>
       <SGSTLIABILITY/>
       <GSTCESSLIABILITY/>
       <GSTOVRDNASSESSABLEVALUE/>
       <GSTASSBLVALUE/>
       <ORIGINVGOODSTAXVALUE/>
       <VATWCESTABLISHMENTCOST/>
       <VATWCCONTRACTORPROFIT/>
       <VATWCPLANNINGDESIGNFEES/>
       <VATWCMACHINERYTOOLSCHARGES/>
       <VATWCCONSUMABLESCOST/>
       <VATEXPAMOUNT/>
       <VATASSBLVALUE/>
       <VATACCEPTEDTAXAMT/>
       <VATACCEPTEDADDLTAXAMT/>
       <CASHRECEIVED/>
       <CAPVATASSEABLEVALUE/>
       <CAPVATTAXVALUE/>
       <ORIGPURCHVALUE/>
       <SUPPLYMARGVAL/>
       <DENOMINATIONCOUNT2000X>0</DENOMINATIONCOUNT2000X>
       <DENOMINATIONCOUNT1000X>0</DENOMINATIONCOUNT1000X>
       <DENOMINATIONCOUNT500X>0</DENOMINATIONCOUNT500X>
       <DENOMINATIONCOUNT200X>0</DENOMINATIONCOUNT200X>
       <DENOMINATIONCOUNT100X>0</DENOMINATIONCOUNT100X>
       <DENOMINATIONCOUNT50X>0</DENOMINATIONCOUNT50X>
       <DENOMINATIONCOUNT20X>0</DENOMINATIONCOUNT20X>
       <DENOMINATIONCOUNT10X>0</DENOMINATIONCOUNT10X>
       <DENOMINATIONCOUNT5X>0</DENOMINATIONCOUNT5X>
       <DENOMINATIONCOUNT2X>0</DENOMINATIONCOUNT2X>
       <DENOMINATIONCOUNT1X>0</DENOMINATIONCOUNT1X>
       <DENOMINATIONAMOUNTOTHERS/>
       <CURRPARTYLEDGERNAME/>
       <TEMPVATCLASSIFICATION/>
       <INVOICEROUNDINGDIFFVAL/>
       <VATGCCTAXAMOUNT/>
       <GSTCOMPDUTYAMOUNT/>
       <EXCISETEMPDUTYVAL/>
       <ISVATADJLEDGER/>
       <VATASSESMENTATE>0</VATASSESMENTATE>
       <GSTLEDGERDISCOUNT/>
       <GVATLEDGEREXCISE/>
       <GSTDUTYAMOUNT/>
       <RBVATTAXAMOUNT/>
       <SALESCESSTAXAMOUNT/>
       <SERVICETAXDETAILS.LIST>       </SERVICETAXDETAILS.LIST>
       <BANKALLOCATIONS.LIST>
        <DATE>20210401</DATE>
        <INSTRUMENTDATE>20210401</INSTRUMENTDATE>
        <BANKERSDATE/>
        <INSTRUMENTRETURNDATE/>
        <PDCACTUALDATE/>
        <NAME>6e240cdc-d4eb-422b-8b83-f54c020a4ab4</NAME>
        <EMAIL/>
        <TRANSACTIONTYPE>Cheque/DD</TRANSACTIONTYPE>
        <MICRCODE/>
        <IFSCODE/>
        <BANKNAME>Icici</BANKNAME>
        <NARRATION/>
        <BANKBRANCHNAME/>
        <PAYMENTGATEWAY/>
        <ACCOUNTNUMBER/>
        <PAYMENTFAVOURING>D K Ltd</PAYMENTFAVOURING>
        <TRANSACTIONNAME/>
        <ACCOUNTTYPE/>
        <DELIVERYMODE/>
        <DELIVERYTO/>
        <BANKLOCATION/>
        <CITY/>
        <PRINTLOCATION/>
        <PAYABLELOCATION/>
        <CHEQUECROSSCOMMENT/>
        <TRANSFERMODE/>
        <TRANSACTIONID/>
        <LOCALBANKCHANGES/>
        <BENEFICIARYBANKCHANGES/>
        <IMBCODE/>
        <BANKID/>
        <INSTRUMENTNUMBER>343423</INSTRUMENTNUMBER>
        <TRANSINDEX/>
        <UNIQUEREFERENCENUMBER>4KNz1nOYuEReJEE0</UNIQUEREFERENCENUMBER>
        <BENEFICIARYCODE/>
        <STATUS>No</STATUS>
        <BANKERSREMARKS/>
        <CASHDENOMINATION/>
        <MERCHANTID/>
        <TERMINALID/>
        <APPROVALCODE/>
        <BATCHNUMBER/>
        <INVOICENUMBER/>
        <CARDNUMBER/>
        <BANKCODE/>
        <TIPREMARKS/>
        <PAYMENTMODE>Transacted</PAYMENTMODE>
        <SECONDARYSTATUS/>
        <BANKEMPLOYEENAME/>
        <BANKPARTYNAME>D K Ltd</BANKPARTYNAME>
        <PYMTADVICESTATUS/>
        <BRSGROUPID/>
        <CLEARINGBANKCODE/>
        <DRAWEEBANKCODE/>
        <PRINTLOCATIONCODE/>
        <PAYABLELOCATIONCODE/>
        <PDCREMARKS/>
        <SETID/>
        <BANKREFERENCE/>
        <TRANSACTIONDIGEST/>
        <ERRORCODE/>
        <RESERVATIONSTATUS/>
        <ISCONNECTEDPAYMENT>No</ISCONNECTEDPAYMENT>
        <ISSPLIT>No</ISSPLIT>
        <ISCONTRACTUSED>No</ISCONTRACTUSED>
        <ISACCEPTEDWITHWARNING>No</ISACCEPTEDWITHWARNING>
        <ISTRANSFORCED>No</ISTRANSFORCED>
        <ISDELETED/>
        <CHEQUEPRINTED>0</CHEQUEPRINTED>
        <AMOUNT>-6000.00</AMOUNT>
        <TIPAMOUNT/>
        <SECAMOUNT/>
        <VOIDAMOUNT/>
        <SETTLEAMOUNT/>
        <CHEQUERANGE/>
        <EBANKINGSTATUS/>
        <ISNICKNAMEFIELDEDITED/>
        <ISTRNTYPEFIELDEDITED/>
        <OLDRECONDRAMOUNT/>
        <OLDRECONCRAMOUNT/>
        <DENOMINATIONCOUNT2000X>0</DENOMINATIONCOUNT2000X>
        <DENOMINATIONCOUNT1000X>0</DENOMINATIONCOUNT1000X>
        <DENOMINATIONCOUNT500X>0</DENOMINATIONCOUNT500X>
        <DENOMINATIONCOUNT200X>0</DENOMINATIONCOUNT200X>
        <DENOMINATIONCOUNT100X>0</DENOMINATIONCOUNT100X>
        <DENOMINATIONCOUNT50X>0</DENOMINATIONCOUNT50X>
        <DENOMINATIONCOUNT20X>0</DENOMINATIONCOUNT20X>
        <DENOMINATIONCOUNT10X>0</DENOMINATIONCOUNT10X>
        <DENOMINATIONCOUNT5X>0</DENOMINATIONCOUNT5X>
        <DENOMINATIONCOUNT2X>0</DENOMINATIONCOUNT2X>
        <DENOMINATIONCOUNT1X>0</DENOMINATIONCOUNT1X>
        <DENOMINATIONAMOUNTOTHERS/>
        <CROSSCHEQUEEDITED/>
        <TEMPINSTRUMENTNO/>
        <CONTRACTDETAILS.LIST>        </CONTRACTDETAILS.LIST>
        <BANKSTATUSINFO.LIST>        </BANKSTATUSINFO.LIST>
       </BANKALLOCATIONS.LIST>
       <BILLALLOCATIONS.LIST>       </BILLALLOCATIONS.LIST>
       <INTERESTCOLLECTION.LIST>       </INTERESTCOLLECTION.LIST>
       <OLDAUDITENTRIES.LIST>       </OLDAUDITENTRIES.LIST>
       <ACCOUNTAUDITENTRIES.LIST>       </ACCOUNTAUDITENTRIES.LIST>
       <AUDITENTRIES.LIST>       </AUDITENTRIES.LIST>
       <INPUTCRALLOCS.LIST>       </INPUTCRALLOCS.LIST>
       <DUTYHEADDETAILS.LIST>       </DUTYHEADDETAILS.LIST>
       <EXCISEDUTYHEADDETAILS.LIST>       </EXCISEDUTYHEADDETAILS.LIST>
       <RATEDETAILS.LIST>       </RATEDETAILS.LIST>
       <SUMMARYALLOCS.LIST>       </SUMMARYALLOCS.LIST>
       <STPYMTDETAILS.LIST>       </STPYMTDETAILS.LIST>
       <EXCISEPAYMENTALLOCATIONS.LIST>       </EXCISEPAYMENTALLOCATIONS.LIST>
       <TAXBILLALLOCATIONS.LIST>       </TAXBILLALLOCATIONS.LIST>
       <TAXOBJECTALLOCATIONS.LIST>       </TAXOBJECTALLOCATIONS.LIST>
       <TDSEXPENSEALLOCATIONS.LIST>       </TDSEXPENSEALLOCATIONS.LIST>
       <VATSTATUTORYDETAILS.LIST>       </VATSTATUTORYDETAILS.LIST>
       <COSTTRACKALLOCATIONS.LIST>       </COSTTRACKALLOCATIONS.LIST>
       <REFVOUCHERDETAILS.LIST>       </REFVOUCHERDETAILS.LIST>
       <INVOICEWISEDETAILS.LIST>       </INVOICEWISEDETAILS.LIST>
       <VATITCDETAILS.LIST>       </VATITCDETAILS.LIST>
       <ADVANCETAXDETAILS.LIST>       </ADVANCETAXDETAILS.LIST>
      </ALLLEDGERENTRIES.LIST>
      <PAYROLLMODEOFPAYMENT.LIST>      </PAYROLLMODEOFPAYMENT.LIST>
      <ATTDRECORDS.LIST>      </ATTDRECORDS.LIST>
      <GSTEWAYCONSIGNORADDRESS.LIST>      </GSTEWAYCONSIGNORADDRESS.LIST>
      <GSTEWAYCONSIGNEEADDRESS.LIST>      </GSTEWAYCONSIGNEEADDRESS.LIST>
      <TEMPGSTRATEDETAILS.LIST>      </TEMPGSTRATEDETAILS.LIST>
     </VOUCHER>
    </TALLYMESSAGE>
    <TALLYMESSAGE xmlns:UDF="TallyUDF">
     <VOUCHER REMOTEID="0104ec5d-3a78-4045-b472-e46e6308b8a0-00000004" VCHKEY="0104ec5d-3a78-4045-b472-e46e6308b8a0-0000acfe:00000020" VCHTYPE="Receipt" ACTION="Create" OBJVIEW="Accounting Voucher View">
      <OLDAUDITENTRYIDS.LIST TYPE="Number">
       <OLDAUDITENTRYIDS>-1</OLDAUDITENTRYIDS>
      </OLDAUDITENTRYIDS.LIST>
      <ACTIVETO/>
      <ALTEREDON/>
      <DATE>20210401</DATE>
      <LUTDATEOFISSUE/>
      <LUTEXPIRYDATE/>
      <BONDDATEOFISSUE/>
      <BONDEXPIRYDATE/>
      <TAXCHEQUEDATE/>
      <TAXCHALLANDATE/>
      <REFERENCEDATE/>
      <SHIPPINGBILLDATE/>
      <BILLOFENTRYDATE/>
      <VATPARTYTRANSRETURNDATE/>
      <RECONCILATIONDATE/>
      <FORM16ISSUEDATE/>
      <CSTFORMISSUEDATE/>
      <CSTFORMRECVDATE/>
      <CERTIFICATEDATE/>
      <FBTFROMDATE/>
      <FBTTODATE/>
      <RETURNINVOICEDATE/>
      <AGGREMENTORDERDATE/>
      <GOODSRCPTDATE/>
      <LORRYRECPTDATE/>
      <TRANSSALELANDINGDATE/>
      <TRANSBUYERLANDINGDATE/>
      <CREDITLETTERDATE/>
      <AIRWAYBILLDATE/>
      <VATORDERDATE/>
      <INVDELIVERYDATE/>
      <BILLOFLADINGDATE/>
      <VATDEPOSITDATE/>
      <VATDOCUMENTDATE/>
      <VATCHALLANDATE/>
      <ECDATE/>
      <VATTDSDATE/>
      <ADJFROMDATE/>
      <ADJTODATE/>
      <VATDDCHEQUEDATE/>
      <TAXPAYPERIODFROMDATE/>
      <TAXPAYPERIODTODATE/>
      <STTAXCHALLANDATE/>
      <GSTCHALLANDATE/>
      <GSTCHALLANEXPIRYDATE/>
      <ADJPARTYINVOICEDATE/>
      <ADJPARTYPAYMENTDATE/>
      <PARTYORDERDATE/>
      <ADVANCERECEIPTDATE/>
      <REFUNDVOUCHERDATE/>
      <IRNACKDATE/>
      <IRNCANCELDATE/>
      <VATSUBMISSIONDATE/>
      <PARTYINVDATE/>
      <INSPDOCDATE/>
      <VATCANCINVDATE/>
      <VATGOODSRECEIPTDATE/>
      <VATCSTE1DATE/>
      <DISPATCHDATE/>
      <AUDITEDON/>
      <GUID>0104ec5d-3a78-4045-b472-e46e6308b8a0-00000004</GUID>
      <GSTREGISTRATIONTYPE/>
      <VATDEALERTYPE/>
      <STATENAME/>
      <PRICELEVEL/>
      <TDSNATUREOFPAYMENT/>
      <AUTOCOSTLEVEL/>
      <NARRATION>cash receiuved</NARRATION>
      <REQUESTORRULE/>
      <ALTEREDBY/>
      <COUNTRYOFRESIDENCE/>
      <IMPORTEREXPORTERCODE/>
      <PARTYGSTIN/>
      <NATUREOFSALES/>
      <EXCISENOTIFICATIONNO/>
      <PLACEOFSUPPLY/>
      <LUTNUMBER/>
      <BONDNUMBER/>
      <AUTHORITYNAME/>
      <AUTHORITYADDRESS/>
      <TAXUNITNAME/>
      <EXCISEUNITNAME/>
      <CLASSNAME/>
      <POSCARDLEDGER/>
      <POSCASHLEDGER/>
      <POSGIFTLEDGER/>
      <POSCHEQUELEDGER/>
      <EXCISECLASSIFICATIONNAME/>
      <TDSSECTIONNO/>
      <TDSDEDNSTATUS/>
      <TAXBANKCHALLANNUMBER/>
      <TAXCHALLANBSRCODE/>
      <TAXCHEQUENUMBER/>
      <TAXBANKNAME/>
      <TAXBANKBRANCHNAME/>
      <PARTYNAME/>
      <PARTYLEDGERNAME>Dinesh &amp; Sons</PARTYLEDGERNAME>
      <GSTACTIVITYSTATUS/>
      <TAXADJUSTMENT/>
      <BUYERADDRESSTYPE/>
      <PORTCODE/>
      <SHIPPINGBILLNO/>
      <BILLOFENTRYNO/>
      <VATPARTYTRANSRETURNNUMBER/>
      <URDORIGINALSALEVALUE/>
      <GSTNATUREOFRETURN/>
      <VOUCHERTYPENAME>Receipt</VOUCHERTYPENAME>
      <REFERENCE/>
      <VOUCHERNUMBER>4</VOUCHERNUMBER>
      <BASICBASEPARTYNAME/>
      <BASICVOUCHERCHEQUENAME/>
      <BASICVOUCHERCROSSCOMMENT/>
      <EXCHGCURRENCYNAME/>
      <SERIALMASTER/>
      <SERIALNUMBER/>
      <STATADJUSTMENTTYPE/>
      <STATPAYMENTTYPE/>
      <CONSIGNEEIECODE/>
      <SUPPLIERIECODE/>
      <ARESERIALMASTER/>
      <ARESERIALNUMBER/>
      <SUMAUTOVCHNUM/>
      <TAXBANKACCOUNTNUMBER/>
      <CSTFORMISSUETYPE/>
      <CSTFORMISSUENUMBER/>
      <CSTFORMRECVTYPE/>
      <CSTFORMRECVNUMBER/>
      <CONSIGNEECSTNUMBER/>
      <BUYERSCSTNUMBER/>
      <CSTFORMISSUESERIESNUM/>
      <CSTFORMRECVSERIESNUM/>
      <EXCISETREASURYNUMBER/>
      <EXCISETREASURYNAME/>
      <CERTIFICATETYPE/>
      <CERTIFICATENUMBER/>
      <AREFORMTYPE/>
      <DESTINATIONTAXUNIT/>
      <FBTPAYMENTTYPE>Default</FBTPAYMENTTYPE>
      <POSCARDNUMBER/>
      <POSCHEQUENUMBER/>
      <POSCHEQUEBANKNAME/>
      <CHALLANTYPE/>
      <CHEQUEDEPOSITORNAME/>
      <EXCISENOTIFICATIONSERIALNO/>
      <PERSISTEDVIEW>Accounting Voucher View</PERSISTEDVIEW>
      <EXCISETARIFFTYPE/>
      <CONSIGNEELBTREGNNO/>
      <CONSIGNEELBTZONE/>
      <SUPPLIERLBTREGNNO/>
      <SUPPLIERLBTZONE/>
      <LBTMAPPEDCATEGORY/>
      <LBTMAPPEDZONE/>
      <LBTNATUREOFLIABILITY/>
      <CASHPARTYPAN/>
      <CASHPARTYDEDTYPE/>
      <VCHTAXTYPE/>
      <PURPOSEOFPURCHASE/>
      <POINTOFTRANSACTION/>
      <TRANSPORTERNAME/>
      <TRANSPORTMODE/>
      <AGGREMENTORDERNO/>
      <FOREIGNSELLERNAME/>
      <EXPORTERCOUNTRY/>
      <GOODSVEHICLENUMBER/>
      <SHIPNAME/>
      <SHIPAGENTNAME/>
      <CLEARINGAGENTNAME/>
      <LORRYRECPTNO/>
      <CARRIERNAME/>
      <CREDITLETTERREF/>
      <AIRWAYBILLNO/>
      <FWDAGENTNAME/>
      <VATORDERNO/>
      <VATSELLERTIN/>
      <TRANSSOURCEPLACE/>
      <TRANSCATEGORY/>
      <VATDOCUMENTTYPE/>
      <VATTRANSBILLQTY/>
      <VATTRANSBILLNO/>
      <BILLOFLADINGNO/>
      <VATPAIDAGAINST/>
      <VATBANKNAME/>
      <VATBANKBRANCH/>
      <VATDDCHEQUENO/>
      <VATADJUSTMENTTYPE/>
      <VATFORMSTATUS/>
      <VATDOCUMENTNUMBER/>
      <VATSOURCESTATE/>
      <VATDESTINATIONSTATE/>
      <VATDESTINATIONPLACE/>
      <VATPARTYORGTYPE/>
      <VATPARTYTYPE/>
      <VATCHALLANNUMBER/>
      <VATDESIGOFPURCHASER/>
      <VATPURCHASERCPTTYPE/>
      <VATGOODSRCPTNO/>
      <VATPARTYORGNAME/>
      <AIRPORTNAME/>
      <TDNOFAWARDER/>
      <ECNUMBER/>
      <ECISSUINGAUTHORITY/>
      <CONTRACTORTIN/>
      <VATTDSBARCODE/>
      <VATPYMTMODEOFDEPOSIT/>
      <VATPYMTTAXDESC/>
      <VATBANKACCNUMBER/>
      <VATBRANCHCODE/>
      <VATTRANSSOURCE/>
      <VATADJADDLDETAILS/>
      <VATBRANCHNAME/>
      <PRIORITYSTATECONFLICT/>
      <EICHECKPOST/>
      <PORTNAME/>
      <VATEFORMAPPLICABLE/>
      <VATEFORMAPPLICABLENO/>
      <VATINCOURSEOF/>
      <VATDISPATCHTIME/>
      <VATTRANSPORTERADDRESS/>
      <VATCONTRACTEETDN/>
      <VATCONTRACTEEDISTRICT/>
      <VATCONTRACTEENAME/>
      <CONSUMERIDENTIFICATIONNUMBER/>
      <STTVCHRHANDLE/>
      <SRVTREGNUMBER/>
      <TAXPAYMENTTYPE/>
      <STTAXBANKCHALLANNUMBER/>
      <TYPEOFEXCISEVOUCHER/>
      <GSTBANKNAME/>
      <GSTBANKACCOUNTNUMBER/>
      <GSTBANKACCOUNTTYPE/>
      <GSTBANKACCOUNTHOLDER/>
      <GSTBANKBRANCHADDRESS/>
      <GSTBANKIFSCCODE/>
      <GSTBANKMICRCODE/>
      <GSTDEBITDOCNUMBER/>
      <GSTPYMTMODEOFDEPOSIT/>
      <GSTBANKBRANCHNAME/>
      <GSTINSTRUMENTNUMBER/>
      <GSTCHALLANNUMBER/>
      <GSTCPINNUMBER/>
      <GSTCINNUMBER/>
      <ADJPARTYGSTIN/>
      <ADJPARTYINVOICENO/>
      <GSTMERCHANTID/>
      <PARTYORDERNO/>
      <GSTITCREVERSALDETAILS/>
      <GSTITCDOCUMENTTYPE/>
      <GSTADDITIONALDETAILS/>
      <GSTRECONSTATUS/>
      <GSTREASONFORREJECTION/>
      <ADVANCERECEIPTNUMBER/>
      <REFUNDVOUCHERNUMBER/>
      <VCHTAXUNIT/>
      <CONSIGNEEGSTIN/>
      <IRNACKNO/>
      <IRN/>
      <IRNQRCODE/>
      <BILLTOPLACE/>
      <SHIPTOPLACE/>
      <DISPATCHFROMNAME/>
      <DISPATCHFROMADDRESSTYPE/>
      <DISPATCHFROMSTATENAME/>
      <DISPATCHFROMPINCODE/>
      <DISPATCHFROMPLACE/>
      <IRNCANCELREASON/>
      <IRNCANCELCODE/>
      <BASICSHIPPEDBY/>
      <BASICDESTINATIONCOUNTRY/>
      <BASICBUYERNAME/>
      <BASICPLACEOFRECEIPT/>
      <BASICSHIPDOCUMENTNO/>
      <BASICPORTOFLOADING/>
      <BASICPORTOFDISCHARGE/>
      <BASICFINALDESTINATION/>
      <BASICORDERREF/>
      <BASICSHIPVESSELNO/>
      <BASICBUYERSSALESTAXNO/>
      <BASICDUEDATEOFPYMT/>
      <BASICSERIALNUMINPLA/>
      <BASICDATETIMEOFINVOICE/>
      <BASICDATETIMEOFREMOVAL/>
      <PARTYADDRESSTYPE/>
      <MFGRADDRESSTYPE/>
      <TRANSPORTERADDRROOM/>
      <TRANSPORTERADDRBLDG/>
      <TRANSPORTERADDRROAD/>
      <TRANSPORTERADDRAREA/>
      <TRANSPORTERADDRTOWN/>
      <TRANSPORTERADDRDIST/>
      <TRANSPORTERADDRSTATE/>
      <TRANSPORTERADDRPINCODE/>
      <TRANSPORTERADDRPHONE/>
      <TRANSPORTERADDRFAX/>
      <TRANSPORTERVEHICLE2/>
      <TRANSPORTLOCALTIN/>
      <VATCFORMISSUESTATE/>
      <PLACEOFSUPPLYSTATE/>
      <PLACEOFSUPPLYCOUNTRY/>
      <EMIRATEPOS/>
      <PARTYMAILINGNAME/>
      <PARTYPINCODE/>
      <CONSIGNEEMAILINGNAME/>
      <CONSIGNEECOUNTRYNAME/>
      <VCHGSTCLASS/>
      <COSTCENTRENAME/>
      <ADDITIONALNARRATION/>
      <PARTYINVNO/>
      <INSPDOCNO/>
      <SETTLEMENTTYPE/>
      <VOUCHERTIME/>
      <HOLDREFERENCE/>
      <VATCANCINVNO/>
      <VATCANCPURCTIN/>
      <VATCANCPURCNAME/>
      <VATTYPEOFDEVICE/>
      <VATBRIEFDESCRIPTION/>
      <VATDEVICENO/>
      <BUYERPINNUMBER/>
      <VATEXPORTENTRYNO/>
      <CONSIGNEEPINNUMBER/>
      <VATEXEMPTCERTIFICATENO/>
      <VATVEHICLENUMBER/>
      <VATGOODSRECEIPTNUMBER/>
      <VATMOBILENUMBER/>
      <VATCSTE1SERIESNO/>
      <VATCSTE1SERIALNO/>
      <VATPERMITFORM/>
      <VATCERTIFICATENO/>
      <CONSIGNEECIRCLE/>
      <CONSIGNEECITY/>
      <CONSIGNEESTATENAME/>
      <CONSIGNEEPINCODE/>
      <CONSIGNEEMOBILENUMBER/>
      <CONSIGNEEOTHERS/>
      <CONSIGNEEMAIL/>
      <DELIVERYCITY/>
      <DELIVERYPINCODE/>
      <DELIVERYOTHERS/>
      <DELIVERYSTATE/>
      <DISPATCHCITY/>
      <DISPATCHPINCODE/>
      <DESTINATIONPERMITNUMBER/>
      <ENTRYCHECKPOSTLOCATION/>
      <EXITCHECKPOSTLOCATION/>
      <VATTDSDEDUCTORNAME/>
      <VCHENTRYMODE/>
      <ENTEREDBY/>
      <VOUCHERTYPEORIGNAME/>
      <DIFFACTUALQTY>No</DIFFACTUALQTY>
      <ISMSTFROMSYNC>No</ISMSTFROMSYNC>
      <ASORIGINAL>No</ASORIGINAL>
      <AUDITED>No</AUDITED>
      <FORJOBCOSTING>No</FORJOBCOSTING>
      <ISOPTIONAL>No</ISOPTIONAL>
      <EFFECTIVEDATE>20210401</EFFECTIVEDATE>
      <USEFOREXCISE>No</USEFOREXCISE>
      <ISFORJOBWORKIN>No</ISFORJOBWORKIN>
      <ALLOWCONSUMPTION>No</ALLOWCONSUMPTION>
      <USEFORINTEREST>No</USEFORINTEREST>
      <USEFORGAINLOSS>No</USEFORGAINLOSS>
      <USEFORGODOWNTRANSFER>No</USEFORGODOWNTRANSFER>
      <USEFORCOMPOUND>No</USEFORCOMPOUND>
      <USEFORSERVICETAX>No</USEFORSERVICETAX>
      <ISDELETED>No</ISDELETED>
      <ISONHOLD>No</ISONHOLD>
      <ISBOENOTAPPLICABLE>No</ISBOENOTAPPLICABLE>
      <ISEXCISEVOUCHER>No</ISEXCISEVOUCHER>
      <EXCISETAXOVERRIDE>No</EXCISETAXOVERRIDE>
      <USEFORTAXUNITTRANSFER>No</USEFORTAXUNITTRANSFER>
      <IGNOREPOSVALIDATION>No</IGNOREPOSVALIDATION>
      <EXCISEOPENING>No</EXCISEOPENING>
      <USEFORFINALPRODUCTION>No</USEFORFINALPRODUCTION>
      <ISTDSOVERRIDDEN>No</ISTDSOVERRIDDEN>
      <ISTCSOVERRIDDEN>No</ISTCSOVERRIDDEN>
      <ISTDSTCSCASHVCH>No</ISTDSTCSCASHVCH>
      <INCLUDEADVPYMTVCH>No</INCLUDEADVPYMTVCH>
      <ISSUBWORKSCONTRACT>No</ISSUBWORKSCONTRACT>
      <ISVATOVERRIDDEN>No</ISVATOVERRIDDEN>
      <IGNOREORIGVCHDATE>No</IGNOREORIGVCHDATE>
      <ISVATPAIDATCUSTOMS>No</ISVATPAIDATCUSTOMS>
      <ISDECLAREDTOCUSTOMS>No</ISDECLAREDTOCUSTOMS>
      <ISSERVICETAXOVERRIDDEN>No</ISSERVICETAXOVERRIDDEN>
      <ISISDVOUCHER>No</ISISDVOUCHER>
      <ISEXCISEOVERRIDDEN>No</ISEXCISEOVERRIDDEN>
      <ISEXCISESUPPLYVCH>No</ISEXCISESUPPLYVCH>
      <ISGSTOVERRIDDEN>No</ISGSTOVERRIDDEN>
      <GSTNOTEXPORTED>No</GSTNOTEXPORTED>
      <IGNOREGSTINVALIDATION>No</IGNOREGSTINVALIDATION>
      <ISGSTREFUND>No</ISGSTREFUND>
      <ISGSTSECSEVENAPPLICABLE>No</ISGSTSECSEVENAPPLICABLE>
      <ISVATPRINCIPALACCOUNT>No</ISVATPRINCIPALACCOUNT>
      <IGNOREEINVVALIDATION>No</IGNOREEINVVALIDATION>
      <IRNJSONEXPORTED>No</IRNJSONEXPORTED>
      <IRNCANCELLED>No</IRNCANCELLED>
      <ISSHIPPINGWITHINSTATE>No</ISSHIPPINGWITHINSTATE>
      <ISOVERSEASTOURISTTRANS>No</ISOVERSEASTOURISTTRANS>
      <ISDESIGNATEDZONEPARTY>No</ISDESIGNATEDZONEPARTY>
      <ISCANCELLED>No</ISCANCELLED>
      <HASCASHFLOW>Yes</HASCASHFLOW>
      <ISPOSTDATED>No</ISPOSTDATED>
      <USETRACKINGNUMBER>No</USETRACKINGNUMBER>
      <ISINVOICE>No</ISINVOICE>
      <MFGJOURNAL>No</MFGJOURNAL>
      <HASDISCOUNTS>No</HASDISCOUNTS>
      <ASPAYSLIP>No</ASPAYSLIP>
      <ISCOSTCENTRE>No</ISCOSTCENTRE>
      <ISSTXNONREALIZEDVCH>No</ISSTXNONREALIZEDVCH>
      <ISEXCISEMANUFACTURERON>No</ISEXCISEMANUFACTURERON>
      <ISBLANKCHEQUE>No</ISBLANKCHEQUE>
      <ISVOID>No</ISVOID>
      <ORDERLINESTATUS>No</ORDERLINESTATUS>
      <VATISAGNSTCANCSALES>No</VATISAGNSTCANCSALES>
      <VATISPURCEXEMPTED>No</VATISPURCEXEMPTED>
      <ISVATRESTAXINVOICE>No</ISVATRESTAXINVOICE>
      <VATISASSESABLECALCVCH>No</VATISASSESABLECALCVCH>
      <ISVATDUTYPAID>Yes</ISVATDUTYPAID>
      <ISDELIVERYSAMEASCONSIGNEE>No</ISDELIVERYSAMEASCONSIGNEE>
      <ISDISPATCHSAMEASCONSIGNOR>No</ISDISPATCHSAMEASCONSIGNOR>
      <ISDELETEDVCHRETAINED>No</ISDELETEDVCHRETAINED>
      <CHANGEVCHMODE>No</CHANGEVCHMODE>
      <RESETIRNQRCODE>No</RESETIRNQRCODE>
      <ALTERID> 4</ALTERID>
      <MASTERID> 4</MASTERID>
      <VOUCHERKEY>190206921670688</VOUCHERKEY>
      <ECFEERATE>0</ECFEERATE>
      <VATCONSIGNMENTNO>0</VATCONSIGNMENTNO>
      <QRCODECRC>0</QRCODECRC>
      <VATTDSRATE>0</VATTDSRATE>
      <BONDAMOUNT/>
      <POSCASHRECEIVED/>
      <CUSTOMDUTYPAID/>
      <VATPARTYITCCLAIMED/>
      <VATPARTYTAXLIABILITY/>
      <VALUEOFWORKSCONTRACT/>
      <ECFEEAMOUNT/>
      <ECFEEDEPOSITBYAWARDER/>
      <ECFEEDEPOSITBYCONTRACTOR/>
      <TDSDEDUCTED/>
      <VALUEOFSUBWORKSCONT/>
      <VATTDSAMT/>
      <ADJPARTYINVOICEVALUE/>
      <GSTINVASSESSABLEVALUE/>
      <VATGOODSVALUE/>
      <EXCHGRATE/>
      <PROCESSINGDURATION/>
      <TEMPGSTEWAYCONSIGNORADDRESSTYPE/>
      <TEMPGSTEWAYCONSIGNEEADDRESSTYPE/>
      <EIDEFAULTLED_ISZRBASICSERVICE/>
      <PREVBOMNAME/>
      <CURBOMNAME/>
      <COMMONNATUREOFPAYMENT/>
      <TEMPISVCHSUPPLFILLED/>
      <CURRPARTYLEDGERNAME/>
      <CURRBASICBUYERNAME/>
      <CURRPARTYNAME/>
      <CURRBUYERADDRESSTYPE/>
      <CURRPARTYADDRESSTYPE/>
      <CURRSTATENAME/>
      <CURRBASICPURCHASEORDERNO/>
      <CURRBASICSHIPDELIVERYNOTE/>
      <POSSTAXPARTYLEDGERNAME/>
      <ISCSTAGTFORMC/>
      <EIDEFAULTLED_ISUSERDEFINED/>
      <EIDEFAULTLED_CLASSNAME/>
      <EIDEFAULTLED_CLASSRATE>0</EIDEFAULTLED_CLASSRATE>
      <EIDEFAULTLED_CLASSADDLRATE>0</EIDEFAULTLED_CLASSADDLRATE>
      <TEMPVATCLASSIFICATION/>
      <ISATTDDATAPRESERVED/>
      <TEMPGSTEWAYBILLNUMBER/>
      <TEMPGSTEWAYBILLDATE/>
      <TEMPGSTEWAYSUBTYPE/>
      <TEMPGSTEWAYDOCUMENTTYPE/>
      <TEMPGSTEWAYSTATUS/>
      <TEMPGSTEWAYCONSIGNOR/>
      <TEMPGSTEWAYCONSIGNORADDRESS/>
      <TEMPGSTEWAYFROMPLACE/>
      <TEMPCONSIGNORPINCODENUMBER>0</TEMPCONSIGNORPINCODENUMBER>
      <TEMPGSTEWAYPINCODENUMBER>0</TEMPGSTEWAYPINCODENUMBER>
      <TEMPGSTEWAYPINCODE/>
      <TEMPGSTEWAYCONSIGNORTIN/>
      <TEMPGSTEWAYCONSIGNORSTATE/>
      <TEMPGSTEWAYCONSSHIPFROMSTATE/>
      <TEMPGSTEWAYCONSIGNEE/>
      <TEMPGSTEWAYCONSADDRESS/>
      <TEMPGSTEWAYCONSFROMPLACE/>
      <TEMPGSTEWAYCONSPINCODENUMBER>0</TEMPGSTEWAYCONSPINCODENUMBER>
      <TEMPCONSIGNEEPINCODENUMBER>0</TEMPCONSIGNEEPINCODENUMBER>
      <TEMPGSTEWAYCONSPINCODE/>
      <TEMPGSTEWAYCONSTIN/>
      <TEMPGSTEWAYCONSSTATE/>
      <TEMPGSTEWAYCONSSHIPTOSTATE/>
      <TEMPGSTEWAYTRANSPORTMODE/>
      <TEMPGSTEWAYDISTANCE>0</TEMPGSTEWAYDISTANCE>
      <TEMPGSTEWAYTRANSPORTERNAME/>
      <TEMPGSTEWAYVEHICLENUMBER/>
      <TEMPGSTEWAYTRANSPORTERID/>
      <TEMPGSTEWAYTRANSPORTERDOCNO/>
      <TEMPGSTEWAYTRANSPORTERDOCDATE/>
      <TEMPGSTEWAYVEHICLETYPE/>
      <TEMPGSTEWAYCONSBILLNUMBER/>
      <TEMPGSTEWAYCONSBILLDATE/>
      <TEMPISUSERDEFINEDCLASS/>
      <TEMPCLASSNATURE/>
      <TEMPGSTOVRDNINELIGIBLEITC/>
      <TEMPGSTOVRDNISREVCHARGEAPPL/>
      <TEMPGSTOVRDNTAXABILITY/>
      <TEMPGSTOVRDNISREVCHARGEAPPLSTR/>
      <TEMPGSTOVRDNINELIGIBLEITCSTR/>
      <TEMPGSTVCHDESTINATIONSTATE/>
      <TEMPGSTPARTYLEDLOCTYPE/>
      <TEMPGSTPARTYDEALERTYPE/>
      <TEMPGSTRISCOMMONPARTY/>
      <TEMPGSTRCOUNTRY/>
      <TEMPGSTRSTATE/>
      <TEMPGSTRTIN/>
      <TEMPGSTRDEALERTYPE/>
      <CURRGSTCOUNTRY/>
      <EWAYBILLDETAILS.LIST>      </EWAYBILLDETAILS.LIST>
      <EXCLUDEDTAXATIONS.LIST>      </EXCLUDEDTAXATIONS.LIST>
      <OLDAUDITENTRIES.LIST>      </OLDAUDITENTRIES.LIST>
      <ACCOUNTAUDITENTRIES.LIST>      </ACCOUNTAUDITENTRIES.LIST>
      <AUDITENTRIES.LIST>      </AUDITENTRIES.LIST>
      <DUTYHEADDETAILS.LIST>      </DUTYHEADDETAILS.LIST>
      <SUPPLEMENTARYDUTYHEADDETAILS.LIST>      </SUPPLEMENTARYDUTYHEADDETAILS.LIST>
      <IRNERRORLIST.LIST>      </IRNERRORLIST.LIST>
      <INVOICEDELNOTES.LIST>      </INVOICEDELNOTES.LIST>
      <INVOICEORDERLIST.LIST>      </INVOICEORDERLIST.LIST>
      <INVOICEINDENTLIST.LIST>      </INVOICEINDENTLIST.LIST>
      <ATTENDANCEENTRIES.LIST>      </ATTENDANCEENTRIES.LIST>
      <ORIGINVOICEDETAILS.LIST>      </ORIGINVOICEDETAILS.LIST>
      <INVOICEEXPORTLIST.LIST>      </INVOICEEXPORTLIST.LIST>
      <ALLLEDGERENTRIES.LIST>
       <OLDAUDITENTRYIDS.LIST TYPE="Number">
        <OLDAUDITENTRYIDS>-1</OLDAUDITENTRYIDS>
       </OLDAUDITENTRYIDS.LIST>
       <ORIGPURCHINVDATE/>
       <NARRATION/>
       <ADDLALLOCTYPE/>
       <TAXCLASSIFICATIONNAME/>
       <NOTIFICATIONSLNO/>
       <SWIFTCODE/>
       <ROUNDTYPE/>
       <LEDGERNAME>Dinesh &amp; Sons</LEDGERNAME>
       <TAXUNITNAME/>
       <STATNATURENAME/>
       <GOODSTYPE/>
       <METHODTYPE/>
       <CLASSRATE/>
       <STATCLASSIFICATIONNAME/>
       <EXCISECLASSIFICATIONNAME/>
       <ISZRBASICSERVICE/>
       <VATCOMMODITYNAME/>
       <SCHEDULE/>
       <SCHEDULESERIALNUMBER/>
       <VATCOMMODITYCODE/>
       <VATSUBCOMMODITYCODE/>
       <VATTRADENAME/>
       <VATMAJORCOMMODITYNAME/>
       <TDSPARTYNAME/>
       <VATPARTYORGNAME/>
       <XBRLADJTYPE/>
       <VOUCHERFBTCATEGORY/>
       <TYPEOFTAXPAYMENT/>
       <VATCALCULATIONTYPE/>
       <VATWORKSCONTRACTTYPE/>
       <VATWCDESCRIPTION/>
       <GSTCLASS/>
       <SCHVIADJTYPE/>
       <GSTOVRDNCLASSIFICATION/>
       <GSTOVRDNNATURE/>
       <GSTOVRDNINELIGIBLEITC/>
       <GSTOVRDNISREVCHARGEAPPL/>
       <GSTOVRDNTAXABILITY/>
       <GSTHSNSACCODE/>
       <VATGOODSNATURE/>
       <POSPAYMENTTYPE/>
       <GSTPARTYLEDGER/>
       <ORIGPURCHPARTY/>
       <ORIGPURCHPARTYADDRESS/>
       <ORIGPURCHINVNO/>
       <ORIGPURCHNOTE/>
       <ISDEEMEDPOSITIVE>No</ISDEEMEDPOSITIVE>
       <LEDGERFROMITEM>No</LEDGERFROMITEM>
       <REMOVEZEROENTRIES>No</REMOVEZEROENTRIES>
       <ISPARTYLEDGER>Yes</ISPARTYLEDGER>
       <ISLASTDEEMEDPOSITIVE>No</ISLASTDEEMEDPOSITIVE>
       <ISCAPVATTAXALTERED>No</ISCAPVATTAXALTERED>
       <ISCAPVATNOTCLAIMED>No</ISCAPVATNOTCLAIMED>
       <STCRADJPERCENT>0</STCRADJPERCENT>
       <ROUNDLIMIT>0</ROUNDLIMIT>
       <RATEOFADDLVAT>0</RATEOFADDLVAT>
       <RATEOFCESSONVAT>0</RATEOFCESSONVAT>
       <VATTAXRATE>0</VATTAXRATE>
       <VATITEMQTY>0</VATITEMQTY>
       <PREVINVTOTALNUM>0</PREVINVTOTALNUM>
       <VATWCDEDUCTIONRATE>0</VATWCDEDUCTIONRATE>
       <GSTTAXRATE>0</GSTTAXRATE>
       <ORIGINVGOODSQTY>0</ORIGINVGOODSQTY>
       <CAPVATTAXRATE>0</CAPVATTAXRATE>
       <AMOUNT>500.00</AMOUNT>
       <FBTEXEMPTAMOUNT/>
       <VATASSESSABLEVALUE/>
       <VATWCCOSTOFLAND/>
       <VATWCDEDLABOURCHARGES/>
       <VATWCOTHERDEDUCTIONAMT/>
       <VATWCVALUEOFTAXFREEGOODS/>
       <VATWCOTHERCHARGES/>
       <VATWCSUBCONTRACTORAMT/>
       <PREVAMOUNT/>
       <PREVINVTOTALAMT/>
       <VATWCDEDUCTIONAMOUNT/>
       <ORIGINVGOODSVALUE/>
       <CENVATCAPTINPUTAMT/>
       <GSTASSESSABLEVALUE/>
       <IGSTLIABILITY/>
       <CGSTLIABILITY/>
       <SGSTLIABILITY/>
       <GSTCESSLIABILITY/>
       <GSTOVRDNASSESSABLEVALUE/>
       <GSTASSBLVALUE/>
       <ORIGINVGOODSTAXVALUE/>
       <VATWCESTABLISHMENTCOST/>
       <VATWCCONTRACTORPROFIT/>
       <VATWCPLANNINGDESIGNFEES/>
       <VATWCMACHINERYTOOLSCHARGES/>
       <VATWCCONSUMABLESCOST/>
       <VATEXPAMOUNT/>
       <VATASSBLVALUE/>
       <VATACCEPTEDTAXAMT/>
       <VATACCEPTEDADDLTAXAMT/>
       <CASHRECEIVED/>
       <CAPVATASSEABLEVALUE/>
       <CAPVATTAXVALUE/>
       <ORIGPURCHVALUE/>
       <SUPPLYMARGVAL/>
       <DENOMINATIONCOUNT2000X>0</DENOMINATIONCOUNT2000X>
       <DENOMINATIONCOUNT1000X>0</DENOMINATIONCOUNT1000X>
       <DENOMINATIONCOUNT500X>0</DENOMINATIONCOUNT500X>
       <DENOMINATIONCOUNT200X>0</DENOMINATIONCOUNT200X>
       <DENOMINATIONCOUNT100X>0</DENOMINATIONCOUNT100X>
       <DENOMINATIONCOUNT50X>0</DENOMINATIONCOUNT50X>
       <DENOMINATIONCOUNT20X>0</DENOMINATIONCOUNT20X>
       <DENOMINATIONCOUNT10X>0</DENOMINATIONCOUNT10X>
       <DENOMINATIONCOUNT5X>0</DENOMINATIONCOUNT5X>
       <DENOMINATIONCOUNT2X>0</DENOMINATIONCOUNT2X>
       <DENOMINATIONCOUNT1X>0</DENOMINATIONCOUNT1X>
       <DENOMINATIONAMOUNTOTHERS/>
       <CURRPARTYLEDGERNAME/>
       <TEMPVATCLASSIFICATION/>
       <INVOICEROUNDINGDIFFVAL/>
       <VATGCCTAXAMOUNT/>
       <GSTCOMPDUTYAMOUNT/>
       <EXCISETEMPDUTYVAL/>
       <ISVATADJLEDGER/>
       <VATASSESMENTATE>0</VATASSESMENTATE>
       <GSTLEDGERDISCOUNT/>
       <GVATLEDGEREXCISE/>
       <GSTDUTYAMOUNT/>
       <RBVATTAXAMOUNT/>
       <SALESCESSTAXAMOUNT/>
       <SERVICETAXDETAILS.LIST>       </SERVICETAXDETAILS.LIST>
       <BANKALLOCATIONS.LIST>       </BANKALLOCATIONS.LIST>
       <BILLALLOCATIONS.LIST>
        <YEAREND/>
        <NAME>A4</NAME>
        <BILLCREDITPERIOD JD="44285" P="31-Mar-2021">31-Mar-2021</BILLCREDITPERIOD>
        <TDSDEDUCTEESECTIONNUMBER/>
        <TDSLEDGERNC/>
        <SERVICETAXLEDGER/>
        <BILLTYPE>Agst Ref</BILLTYPE>
        <SUMNAME/>
        <TDSDEDUCTEEISSPECIALRATE>No</TDSDEDUCTEEISSPECIALRATE>
        <TDSDEDUCTEESPECIALRATE>0</TDSDEDUCTEESPECIALRATE>
        <AMOUNT>500.00</AMOUNT>
        <INTERESTCOLLECTION.LIST>        </INTERESTCOLLECTION.LIST>
        <STBILLCATEGORIES.LIST>        </STBILLCATEGORIES.LIST>
       </BILLALLOCATIONS.LIST>
       <INTERESTCOLLECTION.LIST>       </INTERESTCOLLECTION.LIST>
       <OLDAUDITENTRIES.LIST>       </OLDAUDITENTRIES.LIST>
       <ACCOUNTAUDITENTRIES.LIST>       </ACCOUNTAUDITENTRIES.LIST>
       <AUDITENTRIES.LIST>       </AUDITENTRIES.LIST>
       <INPUTCRALLOCS.LIST>       </INPUTCRALLOCS.LIST>
       <DUTYHEADDETAILS.LIST>       </DUTYHEADDETAILS.LIST>
       <EXCISEDUTYHEADDETAILS.LIST>       </EXCISEDUTYHEADDETAILS.LIST>
       <RATEDETAILS.LIST>       </RATEDETAILS.LIST>
       <SUMMARYALLOCS.LIST>       </SUMMARYALLOCS.LIST>
       <STPYMTDETAILS.LIST>       </STPYMTDETAILS.LIST>
       <EXCISEPAYMENTALLOCATIONS.LIST>       </EXCISEPAYMENTALLOCATIONS.LIST>
       <TAXBILLALLOCATIONS.LIST>       </TAXBILLALLOCATIONS.LIST>
       <TAXOBJECTALLOCATIONS.LIST>       </TAXOBJECTALLOCATIONS.LIST>
       <TDSEXPENSEALLOCATIONS.LIST>       </TDSEXPENSEALLOCATIONS.LIST>
       <VATSTATUTORYDETAILS.LIST>       </VATSTATUTORYDETAILS.LIST>
       <COSTTRACKALLOCATIONS.LIST>       </COSTTRACKALLOCATIONS.LIST>
       <REFVOUCHERDETAILS.LIST>       </REFVOUCHERDETAILS.LIST>
       <INVOICEWISEDETAILS.LIST>       </INVOICEWISEDETAILS.LIST>
       <VATITCDETAILS.LIST>       </VATITCDETAILS.LIST>
       <ADVANCETAXDETAILS.LIST>       </ADVANCETAXDETAILS.LIST>
      </ALLLEDGERENTRIES.LIST>
      <ALLLEDGERENTRIES.LIST>
       <OLDAUDITENTRYIDS.LIST TYPE="Number">
        <OLDAUDITENTRYIDS>-1</OLDAUDITENTRYIDS>
       </OLDAUDITENTRYIDS.LIST>
       <ORIGPURCHINVDATE/>
       <NARRATION/>
       <ADDLALLOCTYPE/>
       <TAXCLASSIFICATIONNAME/>
       <NOTIFICATIONSLNO/>
       <SWIFTCODE/>
       <ROUNDTYPE/>
       <LEDGERNAME>CASH</LEDGERNAME>
       <TAXUNITNAME/>
       <STATNATURENAME/>
       <GOODSTYPE/>
       <METHODTYPE/>
       <CLASSRATE/>
       <STATCLASSIFICATIONNAME/>
       <EXCISECLASSIFICATIONNAME/>
       <ISZRBASICSERVICE/>
       <VATCOMMODITYNAME/>
       <SCHEDULE/>
       <SCHEDULESERIALNUMBER/>
       <VATCOMMODITYCODE/>
       <VATSUBCOMMODITYCODE/>
       <VATTRADENAME/>
       <VATMAJORCOMMODITYNAME/>
       <TDSPARTYNAME/>
       <VATPARTYORGNAME/>
       <XBRLADJTYPE/>
       <VOUCHERFBTCATEGORY/>
       <TYPEOFTAXPAYMENT/>
       <VATCALCULATIONTYPE/>
       <VATWORKSCONTRACTTYPE/>
       <VATWCDESCRIPTION/>
       <GSTCLASS/>
       <SCHVIADJTYPE/>
       <GSTOVRDNCLASSIFICATION/>
       <GSTOVRDNNATURE/>
       <GSTOVRDNINELIGIBLEITC/>
       <GSTOVRDNISREVCHARGEAPPL/>
       <GSTOVRDNTAXABILITY/>
       <GSTHSNSACCODE/>
       <VATGOODSNATURE/>
       <POSPAYMENTTYPE/>
       <GSTPARTYLEDGER/>
       <ORIGPURCHPARTY/>
       <ORIGPURCHPARTYADDRESS/>
       <ORIGPURCHINVNO/>
       <ORIGPURCHNOTE/>
       <ISDEEMEDPOSITIVE>Yes</ISDEEMEDPOSITIVE>
       <LEDGERFROMITEM>No</LEDGERFROMITEM>
       <REMOVEZEROENTRIES>No</REMOVEZEROENTRIES>
       <ISPARTYLEDGER>Yes</ISPARTYLEDGER>
       <ISLASTDEEMEDPOSITIVE>Yes</ISLASTDEEMEDPOSITIVE>
       <ISCAPVATTAXALTERED>No</ISCAPVATTAXALTERED>
       <ISCAPVATNOTCLAIMED>No</ISCAPVATNOTCLAIMED>
       <STCRADJPERCENT>0</STCRADJPERCENT>
       <ROUNDLIMIT>0</ROUNDLIMIT>
       <RATEOFADDLVAT>0</RATEOFADDLVAT>
       <RATEOFCESSONVAT>0</RATEOFCESSONVAT>
       <VATTAXRATE>0</VATTAXRATE>
       <VATITEMQTY>0</VATITEMQTY>
       <PREVINVTOTALNUM>0</PREVINVTOTALNUM>
       <VATWCDEDUCTIONRATE>0</VATWCDEDUCTIONRATE>
       <GSTTAXRATE>0</GSTTAXRATE>
       <ORIGINVGOODSQTY>0</ORIGINVGOODSQTY>
       <CAPVATTAXRATE>0</CAPVATTAXRATE>
       <AMOUNT>-500.00</AMOUNT>
       <FBTEXEMPTAMOUNT/>
       <VATASSESSABLEVALUE/>
       <VATWCCOSTOFLAND/>
       <VATWCDEDLABOURCHARGES/>
       <VATWCOTHERDEDUCTIONAMT/>
       <VATWCVALUEOFTAXFREEGOODS/>
       <VATWCOTHERCHARGES/>
       <VATWCSUBCONTRACTORAMT/>
       <PREVAMOUNT/>
       <PREVINVTOTALAMT/>
       <VATWCDEDUCTIONAMOUNT/>
       <ORIGINVGOODSVALUE/>
       <CENVATCAPTINPUTAMT/>
       <GSTASSESSABLEVALUE/>
       <IGSTLIABILITY/>
       <CGSTLIABILITY/>
       <SGSTLIABILITY/>
       <GSTCESSLIABILITY/>
       <GSTOVRDNASSESSABLEVALUE/>
       <GSTASSBLVALUE/>
       <ORIGINVGOODSTAXVALUE/>
       <VATWCESTABLISHMENTCOST/>
       <VATWCCONTRACTORPROFIT/>
       <VATWCPLANNINGDESIGNFEES/>
       <VATWCMACHINERYTOOLSCHARGES/>
       <VATWCCONSUMABLESCOST/>
       <VATEXPAMOUNT/>
       <VATASSBLVALUE/>
       <VATACCEPTEDTAXAMT/>
       <VATACCEPTEDADDLTAXAMT/>
       <CASHRECEIVED/>
       <CAPVATASSEABLEVALUE/>
       <CAPVATTAXVALUE/>
       <ORIGPURCHVALUE/>
       <SUPPLYMARGVAL/>
       <DENOMINATIONCOUNT2000X>0</DENOMINATIONCOUNT2000X>
       <DENOMINATIONCOUNT1000X>0</DENOMINATIONCOUNT1000X>
       <DENOMINATIONCOUNT500X>0</DENOMINATIONCOUNT500X>
       <DENOMINATIONCOUNT200X>0</DENOMINATIONCOUNT200X>
       <DENOMINATIONCOUNT100X>0</DENOMINATIONCOUNT100X>
       <DENOMINATIONCOUNT50X>0</DENOMINATIONCOUNT50X>
       <DENOMINATIONCOUNT20X>0</DENOMINATIONCOUNT20X>
       <DENOMINATIONCOUNT10X>0</DENOMINATIONCOUNT10X>
       <DENOMINATIONCOUNT5X>0</DENOMINATIONCOUNT5X>
       <DENOMINATIONCOUNT2X>0</DENOMINATIONCOUNT2X>
       <DENOMINATIONCOUNT1X>0</DENOMINATIONCOUNT1X>
       <DENOMINATIONAMOUNTOTHERS/>
       <CURRPARTYLEDGERNAME/>
       <TEMPVATCLASSIFICATION/>
       <INVOICEROUNDINGDIFFVAL/>
       <VATGCCTAXAMOUNT/>
       <GSTCOMPDUTYAMOUNT/>
       <EXCISETEMPDUTYVAL/>
       <ISVATADJLEDGER/>
       <VATASSESMENTATE>0</VATASSESMENTATE>
       <GSTLEDGERDISCOUNT/>
       <GVATLEDGEREXCISE/>
       <GSTDUTYAMOUNT/>
       <RBVATTAXAMOUNT/>
       <SALESCESSTAXAMOUNT/>
       <SERVICETAXDETAILS.LIST>       </SERVICETAXDETAILS.LIST>
       <BANKALLOCATIONS.LIST>       </BANKALLOCATIONS.LIST>
       <BILLALLOCATIONS.LIST>       </BILLALLOCATIONS.LIST>
       <INTERESTCOLLECTION.LIST>       </INTERESTCOLLECTION.LIST>
       <OLDAUDITENTRIES.LIST>       </OLDAUDITENTRIES.LIST>
       <ACCOUNTAUDITENTRIES.LIST>       </ACCOUNTAUDITENTRIES.LIST>
       <AUDITENTRIES.LIST>       </AUDITENTRIES.LIST>
       <INPUTCRALLOCS.LIST>       </INPUTCRALLOCS.LIST>
       <DUTYHEADDETAILS.LIST>       </DUTYHEADDETAILS.LIST>
       <EXCISEDUTYHEADDETAILS.LIST>       </EXCISEDUTYHEADDETAILS.LIST>
       <RATEDETAILS.LIST>       </RATEDETAILS.LIST>
       <SUMMARYALLOCS.LIST>       </SUMMARYALLOCS.LIST>
       <STPYMTDETAILS.LIST>       </STPYMTDETAILS.LIST>
       <EXCISEPAYMENTALLOCATIONS.LIST>       </EXCISEPAYMENTALLOCATIONS.LIST>
       <TAXBILLALLOCATIONS.LIST>       </TAXBILLALLOCATIONS.LIST>
       <TAXOBJECTALLOCATIONS.LIST>       </TAXOBJECTALLOCATIONS.LIST>
       <TDSEXPENSEALLOCATIONS.LIST>       </TDSEXPENSEALLOCATIONS.LIST>
       <VATSTATUTORYDETAILS.LIST>       </VATSTATUTORYDETAILS.LIST>
       <COSTTRACKALLOCATIONS.LIST>       </COSTTRACKALLOCATIONS.LIST>
       <REFVOUCHERDETAILS.LIST>       </REFVOUCHERDETAILS.LIST>
       <INVOICEWISEDETAILS.LIST>       </INVOICEWISEDETAILS.LIST>
       <VATITCDETAILS.LIST>       </VATITCDETAILS.LIST>
       <ADVANCETAXDETAILS.LIST>       </ADVANCETAXDETAILS.LIST>
      </ALLLEDGERENTRIES.LIST>
      <PAYROLLMODEOFPAYMENT.LIST>      </PAYROLLMODEOFPAYMENT.LIST>
      <ATTDRECORDS.LIST>      </ATTDRECORDS.LIST>
      <GSTEWAYCONSIGNORADDRESS.LIST>      </GSTEWAYCONSIGNORADDRESS.LIST>
      <GSTEWAYCONSIGNEEADDRESS.LIST>      </GSTEWAYCONSIGNEEADDRESS.LIST>
      <TEMPGSTRATEDETAILS.LIST>      </TEMPGSTRATEDETAILS.LIST>
     </VOUCHER>
    </TALLYMESSAGE>
    <TALLYMESSAGE xmlns:UDF="TallyUDF">
     <VOUCHER REMOTEID="0104ec5d-3a78-4045-b472-e46e6308b8a0-00000128" VCHKEY="0104ec5d-3a78-4045-b472-e46e6308b8a0-0000ad77:00000040" VCHTYPE="Receipt" ACTION="Create" OBJVIEW="Accounting Voucher View">
      <OLDAUDITENTRYIDS.LIST TYPE="Number">
       <OLDAUDITENTRYIDS>-1</OLDAUDITENTRYIDS>
      </OLDAUDITENTRYIDS.LIST>
      <ACTIVETO/>
      <ALTEREDON/>
      <DATE>20210731</DATE>
      <LUTDATEOFISSUE/>
      <LUTEXPIRYDATE/>
      <BONDDATEOFISSUE/>
      <BONDEXPIRYDATE/>
      <TAXCHEQUEDATE/>
      <TAXCHALLANDATE/>
      <REFERENCEDATE/>
      <SHIPPINGBILLDATE/>
      <BILLOFENTRYDATE/>
      <VATPARTYTRANSRETURNDATE/>
      <RECONCILATIONDATE/>
      <FORM16ISSUEDATE/>
      <CSTFORMISSUEDATE/>
      <CSTFORMRECVDATE/>
      <CERTIFICATEDATE/>
      <FBTFROMDATE/>
      <FBTTODATE/>
      <RETURNINVOICEDATE/>
      <AGGREMENTORDERDATE/>
      <GOODSRCPTDATE/>
      <LORRYRECPTDATE/>
      <TRANSSALELANDINGDATE/>
      <TRANSBUYERLANDINGDATE/>
      <CREDITLETTERDATE/>
      <AIRWAYBILLDATE/>
      <VATORDERDATE/>
      <INVDELIVERYDATE/>
      <BILLOFLADINGDATE/>
      <VATDEPOSITDATE/>
      <VATDOCUMENTDATE/>
      <VATCHALLANDATE/>
      <ECDATE/>
      <VATTDSDATE/>
      <ADJFROMDATE/>
      <ADJTODATE/>
      <VATDDCHEQUEDATE/>
      <TAXPAYPERIODFROMDATE/>
      <TAXPAYPERIODTODATE/>
      <STTAXCHALLANDATE/>
      <GSTCHALLANDATE/>
      <GSTCHALLANEXPIRYDATE/>
      <ADJPARTYINVOICEDATE/>
      <ADJPARTYPAYMENTDATE/>
      <PARTYORDERDATE/>
      <ADVANCERECEIPTDATE/>
      <REFUNDVOUCHERDATE/>
      <IRNACKDATE/>
      <IRNCANCELDATE/>
      <VATSUBMISSIONDATE/>
      <PARTYINVDATE/>
      <INSPDOCDATE/>
      <VATCANCINVDATE/>
      <VATGOODSRECEIPTDATE/>
      <VATCSTE1DATE/>
      <DISPATCHDATE/>
      <AUDITEDON/>
      <GUID>0104ec5d-3a78-4045-b472-e46e6308b8a0-00000128</GUID>
      <GSTREGISTRATIONTYPE/>
      <VATDEALERTYPE/>
      <STATENAME/>
      <PRICELEVEL/>
      <TDSNATUREOFPAYMENT/>
      <AUTOCOSTLEVEL/>
      <NARRATION/>
      <REQUESTORRULE/>
      <ALTEREDBY/>
      <COUNTRYOFRESIDENCE/>
      <IMPORTEREXPORTERCODE/>
      <PARTYGSTIN/>
      <NATUREOFSALES/>
      <EXCISENOTIFICATIONNO/>
      <PLACEOFSUPPLY/>
      <LUTNUMBER/>
      <BONDNUMBER/>
      <AUTHORITYNAME/>
      <AUTHORITYADDRESS/>
      <TAXUNITNAME/>
      <EXCISEUNITNAME/>
      <CLASSNAME/>
      <POSCARDLEDGER/>
      <POSCASHLEDGER/>
      <POSGIFTLEDGER/>
      <POSCHEQUELEDGER/>
      <EXCISECLASSIFICATIONNAME/>
      <TDSSECTIONNO/>
      <TDSDEDNSTATUS/>
      <TAXBANKCHALLANNUMBER/>
      <TAXCHALLANBSRCODE/>
      <TAXCHEQUENUMBER/>
      <TAXBANKNAME/>
      <TAXBANKBRANCHNAME/>
      <PARTYNAME/>
      <PARTYLEDGERNAME>Tr Ext A/c</PARTYLEDGERNAME>
      <GSTACTIVITYSTATUS/>
      <TAXADJUSTMENT/>
      <BUYERADDRESSTYPE/>
      <PORTCODE/>
      <SHIPPINGBILLNO/>
      <BILLOFENTRYNO/>
      <VATPARTYTRANSRETURNNUMBER/>
      <URDORIGINALSALEVALUE/>
      <GSTNATUREOFRETURN/>
      <VOUCHERTYPENAME>Receipt</VOUCHERTYPENAME>
      <REFERENCE/>
      <VOUCHERNUMBER>5</VOUCHERNUMBER>
      <BASICBASEPARTYNAME/>
      <BASICVOUCHERCHEQUENAME/>
      <BASICVOUCHERCROSSCOMMENT/>
      <EXCHGCURRENCYNAME/>
      <SERIALMASTER/>
      <SERIALNUMBER/>
      <STATADJUSTMENTTYPE/>
      <STATPAYMENTTYPE/>
      <CONSIGNEEIECODE/>
      <SUPPLIERIECODE/>
      <ARESERIALMASTER/>
      <ARESERIALNUMBER/>
      <SUMAUTOVCHNUM/>
      <TAXBANKACCOUNTNUMBER/>
      <CSTFORMISSUETYPE/>
      <CSTFORMISSUENUMBER/>
      <CSTFORMRECVTYPE/>
      <CSTFORMRECVNUMBER/>
      <CONSIGNEECSTNUMBER/>
      <BUYERSCSTNUMBER/>
      <CSTFORMISSUESERIESNUM/>
      <CSTFORMRECVSERIESNUM/>
      <EXCISETREASURYNUMBER/>
      <EXCISETREASURYNAME/>
      <CERTIFICATETYPE/>
      <CERTIFICATENUMBER/>
      <AREFORMTYPE/>
      <DESTINATIONTAXUNIT/>
      <FBTPAYMENTTYPE>Default</FBTPAYMENTTYPE>
      <POSCARDNUMBER/>
      <POSCHEQUENUMBER/>
      <POSCHEQUEBANKNAME/>
      <CHALLANTYPE/>
      <CHEQUEDEPOSITORNAME/>
      <EXCISENOTIFICATIONSERIALNO/>
      <PERSISTEDVIEW>Accounting Voucher View</PERSISTEDVIEW>
      <EXCISETARIFFTYPE/>
      <CONSIGNEELBTREGNNO/>
      <CONSIGNEELBTZONE/>
      <SUPPLIERLBTREGNNO/>
      <SUPPLIERLBTZONE/>
      <LBTMAPPEDCATEGORY/>
      <LBTMAPPEDZONE/>
      <LBTNATUREOFLIABILITY/>
      <CASHPARTYPAN/>
      <CASHPARTYDEDTYPE/>
      <VCHTAXTYPE/>
      <PURPOSEOFPURCHASE/>
      <POINTOFTRANSACTION/>
      <TRANSPORTERNAME/>
      <TRANSPORTMODE/>
      <AGGREMENTORDERNO/>
      <FOREIGNSELLERNAME/>
      <EXPORTERCOUNTRY/>
      <GOODSVEHICLENUMBER/>
      <SHIPNAME/>
      <SHIPAGENTNAME/>
      <CLEARINGAGENTNAME/>
      <LORRYRECPTNO/>
      <CARRIERNAME/>
      <CREDITLETTERREF/>
      <AIRWAYBILLNO/>
      <FWDAGENTNAME/>
      <VATORDERNO/>
      <VATSELLERTIN/>
      <TRANSSOURCEPLACE/>
      <TRANSCATEGORY/>
      <VATDOCUMENTTYPE/>
      <VATTRANSBILLQTY/>
      <VATTRANSBILLNO/>
      <BILLOFLADINGNO/>
      <VATPAIDAGAINST/>
      <VATBANKNAME/>
      <VATBANKBRANCH/>
      <VATDDCHEQUENO/>
      <VATADJUSTMENTTYPE/>
      <VATFORMSTATUS/>
      <VATDOCUMENTNUMBER/>
      <VATSOURCESTATE/>
      <VATDESTINATIONSTATE/>
      <VATDESTINATIONPLACE/>
      <VATPARTYORGTYPE/>
      <VATPARTYTYPE/>
      <VATCHALLANNUMBER/>
      <VATDESIGOFPURCHASER/>
      <VATPURCHASERCPTTYPE/>
      <VATGOODSRCPTNO/>
      <VATPARTYORGNAME/>
      <AIRPORTNAME/>
      <TDNOFAWARDER/>
      <ECNUMBER/>
      <ECISSUINGAUTHORITY/>
      <CONTRACTORTIN/>
      <VATTDSBARCODE/>
      <VATPYMTMODEOFDEPOSIT/>
      <VATPYMTTAXDESC/>
      <VATBANKACCNUMBER/>
      <VATBRANCHCODE/>
      <VATTRANSSOURCE/>
      <VATADJADDLDETAILS/>
      <VATBRANCHNAME/>
      <PRIORITYSTATECONFLICT/>
      <EICHECKPOST/>
      <PORTNAME/>
      <VATEFORMAPPLICABLE/>
      <VATEFORMAPPLICABLENO/>
      <VATINCOURSEOF/>
      <VATDISPATCHTIME/>
      <VATTRANSPORTERADDRESS/>
      <VATCONTRACTEETDN/>
      <VATCONTRACTEEDISTRICT/>
      <VATCONTRACTEENAME/>
      <CONSUMERIDENTIFICATIONNUMBER/>
      <STTVCHRHANDLE/>
      <SRVTREGNUMBER/>
      <TAXPAYMENTTYPE/>
      <STTAXBANKCHALLANNUMBER/>
      <TYPEOFEXCISEVOUCHER/>
      <GSTBANKNAME/>
      <GSTBANKACCOUNTNUMBER/>
      <GSTBANKACCOUNTTYPE/>
      <GSTBANKACCOUNTHOLDER/>
      <GSTBANKBRANCHADDRESS/>
      <GSTBANKIFSCCODE/>
      <GSTBANKMICRCODE/>
      <GSTDEBITDOCNUMBER/>
      <GSTPYMTMODEOFDEPOSIT/>
      <GSTBANKBRANCHNAME/>
      <GSTINSTRUMENTNUMBER/>
      <GSTCHALLANNUMBER/>
      <GSTCPINNUMBER/>
      <GSTCINNUMBER/>
      <ADJPARTYGSTIN/>
      <ADJPARTYINVOICENO/>
      <GSTMERCHANTID/>
      <PARTYORDERNO/>
      <GSTITCREVERSALDETAILS/>
      <GSTITCDOCUMENTTYPE/>
      <GSTADDITIONALDETAILS/>
      <GSTRECONSTATUS/>
      <GSTREASONFORREJECTION/>
      <ADVANCERECEIPTNUMBER/>
      <REFUNDVOUCHERNUMBER/>
      <VCHTAXUNIT/>
      <CONSIGNEEGSTIN/>
      <IRNACKNO/>
      <IRN/>
      <IRNQRCODE/>
      <BILLTOPLACE/>
      <SHIPTOPLACE/>
      <DISPATCHFROMNAME/>
      <DISPATCHFROMADDRESSTYPE/>
      <DISPATCHFROMSTATENAME/>
      <DISPATCHFROMPINCODE/>
      <DISPATCHFROMPLACE/>
      <IRNCANCELREASON/>
      <IRNCANCELCODE/>
      <BASICSHIPPEDBY/>
      <BASICDESTINATIONCOUNTRY/>
      <BASICBUYERNAME/>
      <BASICPLACEOFRECEIPT/>
      <BASICSHIPDOCUMENTNO/>
      <BASICPORTOFLOADING/>
      <BASICPORTOFDISCHARGE/>
      <BASICFINALDESTINATION/>
      <BASICORDERREF/>
      <BASICSHIPVESSELNO/>
      <BASICBUYERSSALESTAXNO/>
      <BASICDUEDATEOFPYMT/>
      <BASICSERIALNUMINPLA/>
      <BASICDATETIMEOFINVOICE/>
      <BASICDATETIMEOFREMOVAL/>
      <PARTYADDRESSTYPE/>
      <MFGRADDRESSTYPE/>
      <TRANSPORTERADDRROOM/>
      <TRANSPORTERADDRBLDG/>
      <TRANSPORTERADDRROAD/>
      <TRANSPORTERADDRAREA/>
      <TRANSPORTERADDRTOWN/>
      <TRANSPORTERADDRDIST/>
      <TRANSPORTERADDRSTATE/>
      <TRANSPORTERADDRPINCODE/>
      <TRANSPORTERADDRPHONE/>
      <TRANSPORTERADDRFAX/>
      <TRANSPORTERVEHICLE2/>
      <TRANSPORTLOCALTIN/>
      <VATCFORMISSUESTATE/>
      <PLACEOFSUPPLYSTATE/>
      <PLACEOFSUPPLYCOUNTRY/>
      <EMIRATEPOS/>
      <PARTYMAILINGNAME/>
      <PARTYPINCODE/>
      <CONSIGNEEMAILINGNAME/>
      <CONSIGNEECOUNTRYNAME/>
      <VCHGSTCLASS/>
      <COSTCENTRENAME/>
      <ADDITIONALNARRATION/>
      <PARTYINVNO/>
      <INSPDOCNO/>
      <SETTLEMENTTYPE/>
      <VOUCHERTIME/>
      <HOLDREFERENCE/>
      <VATCANCINVNO/>
      <VATCANCPURCTIN/>
      <VATCANCPURCNAME/>
      <VATTYPEOFDEVICE/>
      <VATBRIEFDESCRIPTION/>
      <VATDEVICENO/>
      <BUYERPINNUMBER/>
      <VATEXPORTENTRYNO/>
      <CONSIGNEEPINNUMBER/>
      <VATEXEMPTCERTIFICATENO/>
      <VATVEHICLENUMBER/>
      <VATGOODSRECEIPTNUMBER/>
      <VATMOBILENUMBER/>
      <VATCSTE1SERIESNO/>
      <VATCSTE1SERIALNO/>
      <VATPERMITFORM/>
      <VATCERTIFICATENO/>
      <CONSIGNEECIRCLE/>
      <CONSIGNEECITY/>
      <CONSIGNEESTATENAME/>
      <CONSIGNEEPINCODE/>
      <CONSIGNEEMOBILENUMBER/>
      <CONSIGNEEOTHERS/>
      <CONSIGNEEMAIL/>
      <DELIVERYCITY/>
      <DELIVERYPINCODE/>
      <DELIVERYOTHERS/>
      <DELIVERYSTATE/>
      <DISPATCHCITY/>
      <DISPATCHPINCODE/>
      <DESTINATIONPERMITNUMBER/>
      <ENTRYCHECKPOSTLOCATION/>
      <EXITCHECKPOSTLOCATION/>
      <VATTDSDEDUCTORNAME/>
      <VCHENTRYMODE/>
      <ENTEREDBY/>
      <VOUCHERTYPEORIGNAME/>
      <DIFFACTUALQTY>No</DIFFACTUALQTY>
      <ISMSTFROMSYNC>No</ISMSTFROMSYNC>
      <ASORIGINAL>No</ASORIGINAL>
      <AUDITED>No</AUDITED>
      <FORJOBCOSTING>No</FORJOBCOSTING>
      <ISOPTIONAL>No</ISOPTIONAL>
      <EFFECTIVEDATE>20210731</EFFECTIVEDATE>
      <USEFOREXCISE>No</USEFOREXCISE>
      <ISFORJOBWORKIN>No</ISFORJOBWORKIN>
      <ALLOWCONSUMPTION>No</ALLOWCONSUMPTION>
      <USEFORINTEREST>No</USEFORINTEREST>
      <USEFORGAINLOSS>No</USEFORGAINLOSS>
      <USEFORGODOWNTRANSFER>No</USEFORGODOWNTRANSFER>
      <USEFORCOMPOUND>No</USEFORCOMPOUND>
      <USEFORSERVICETAX>No</USEFORSERVICETAX>
      <ISDELETED>No</ISDELETED>
      <ISONHOLD>No</ISONHOLD>
      <ISBOENOTAPPLICABLE>No</ISBOENOTAPPLICABLE>
      <ISEXCISEVOUCHER>No</ISEXCISEVOUCHER>
      <EXCISETAXOVERRIDE>No</EXCISETAXOVERRIDE>
      <USEFORTAXUNITTRANSFER>No</USEFORTAXUNITTRANSFER>
      <IGNOREPOSVALIDATION>No</IGNOREPOSVALIDATION>
      <EXCISEOPENING>No</EXCISEOPENING>
      <USEFORFINALPRODUCTION>No</USEFORFINALPRODUCTION>
      <ISTDSOVERRIDDEN>No</ISTDSOVERRIDDEN>
      <ISTCSOVERRIDDEN>No</ISTCSOVERRIDDEN>
      <ISTDSTCSCASHVCH>No</ISTDSTCSCASHVCH>
      <INCLUDEADVPYMTVCH>No</INCLUDEADVPYMTVCH>
      <ISSUBWORKSCONTRACT>No</ISSUBWORKSCONTRACT>
      <ISVATOVERRIDDEN>No</ISVATOVERRIDDEN>
      <IGNOREORIGVCHDATE>No</IGNOREORIGVCHDATE>
      <ISVATPAIDATCUSTOMS>No</ISVATPAIDATCUSTOMS>
      <ISDECLAREDTOCUSTOMS>No</ISDECLAREDTOCUSTOMS>
      <ISSERVICETAXOVERRIDDEN>No</ISSERVICETAXOVERRIDDEN>
      <ISISDVOUCHER>No</ISISDVOUCHER>
      <ISEXCISEOVERRIDDEN>No</ISEXCISEOVERRIDDEN>
      <ISEXCISESUPPLYVCH>No</ISEXCISESUPPLYVCH>
      <ISGSTOVERRIDDEN>No</ISGSTOVERRIDDEN>
      <GSTNOTEXPORTED>No</GSTNOTEXPORTED>
      <IGNOREGSTINVALIDATION>No</IGNOREGSTINVALIDATION>
      <ISGSTREFUND>No</ISGSTREFUND>
      <ISGSTSECSEVENAPPLICABLE>No</ISGSTSECSEVENAPPLICABLE>
      <ISVATPRINCIPALACCOUNT>No</ISVATPRINCIPALACCOUNT>
      <IGNOREEINVVALIDATION>No</IGNOREEINVVALIDATION>
      <IRNJSONEXPORTED>No</IRNJSONEXPORTED>
      <IRNCANCELLED>No</IRNCANCELLED>
      <ISSHIPPINGWITHINSTATE>No</ISSHIPPINGWITHINSTATE>
      <ISOVERSEASTOURISTTRANS>No</ISOVERSEASTOURISTTRANS>
      <ISDESIGNATEDZONEPARTY>No</ISDESIGNATEDZONEPARTY>
      <ISCANCELLED>No</ISCANCELLED>
      <HASCASHFLOW>Yes</HASCASHFLOW>
      <ISPOSTDATED>No</ISPOSTDATED>
      <USETRACKINGNUMBER>No</USETRACKINGNUMBER>
      <ISINVOICE>No</ISINVOICE>
      <MFGJOURNAL>No</MFGJOURNAL>
      <HASDISCOUNTS>No</HASDISCOUNTS>
      <ASPAYSLIP>No</ASPAYSLIP>
      <ISCOSTCENTRE>No</ISCOSTCENTRE>
      <ISSTXNONREALIZEDVCH>No</ISSTXNONREALIZEDVCH>
      <ISEXCISEMANUFACTURERON>No</ISEXCISEMANUFACTURERON>
      <ISBLANKCHEQUE>No</ISBLANKCHEQUE>
      <ISVOID>No</ISVOID>
      <ORDERLINESTATUS>No</ORDERLINESTATUS>
      <VATISAGNSTCANCSALES>No</VATISAGNSTCANCSALES>
      <VATISPURCEXEMPTED>No</VATISPURCEXEMPTED>
      <ISVATRESTAXINVOICE>No</ISVATRESTAXINVOICE>
      <VATISASSESABLECALCVCH>No</VATISASSESABLECALCVCH>
      <ISVATDUTYPAID>Yes</ISVATDUTYPAID>
      <ISDELIVERYSAMEASCONSIGNEE>No</ISDELIVERYSAMEASCONSIGNEE>
      <ISDISPATCHSAMEASCONSIGNOR>No</ISDISPATCHSAMEASCONSIGNOR>
      <ISDELETEDVCHRETAINED>No</ISDELETEDVCHRETAINED>
      <CHANGEVCHMODE>No</CHANGEVCHMODE>
      <RESETIRNQRCODE>No</RESETIRNQRCODE>
      <ALTERID> 519</ALTERID>
      <MASTERID> 296</MASTERID>
      <VOUCHERKEY>190726612713536</VOUCHERKEY>
      <ECFEERATE>0</ECFEERATE>
      <VATCONSIGNMENTNO>0</VATCONSIGNMENTNO>
      <QRCODECRC>0</QRCODECRC>
      <VATTDSRATE>0</VATTDSRATE>
      <BONDAMOUNT/>
      <POSCASHRECEIVED/>
      <CUSTOMDUTYPAID/>
      <VATPARTYITCCLAIMED/>
      <VATPARTYTAXLIABILITY/>
      <VALUEOFWORKSCONTRACT/>
      <ECFEEAMOUNT/>
      <ECFEEDEPOSITBYAWARDER/>
      <ECFEEDEPOSITBYCONTRACTOR/>
      <TDSDEDUCTED/>
      <VALUEOFSUBWORKSCONT/>
      <VATTDSAMT/>
      <ADJPARTYINVOICEVALUE/>
      <GSTINVASSESSABLEVALUE/>
      <VATGOODSVALUE/>
      <EXCHGRATE/>
      <PROCESSINGDURATION/>
      <TEMPGSTEWAYCONSIGNORADDRESSTYPE/>
      <TEMPGSTEWAYCONSIGNEEADDRESSTYPE/>
      <EIDEFAULTLED_ISZRBASICSERVICE/>
      <PREVBOMNAME/>
      <CURBOMNAME/>
      <COMMONNATUREOFPAYMENT/>
      <TEMPISVCHSUPPLFILLED/>
      <CURRPARTYLEDGERNAME/>
      <CURRBASICBUYERNAME/>
      <CURRPARTYNAME/>
      <CURRBUYERADDRESSTYPE/>
      <CURRPARTYADDRESSTYPE/>
      <CURRSTATENAME/>
      <CURRBASICPURCHASEORDERNO/>
      <CURRBASICSHIPDELIVERYNOTE/>
      <POSSTAXPARTYLEDGERNAME/>
      <ISCSTAGTFORMC/>
      <EIDEFAULTLED_ISUSERDEFINED/>
      <EIDEFAULTLED_CLASSNAME/>
      <EIDEFAULTLED_CLASSRATE>0</EIDEFAULTLED_CLASSRATE>
      <EIDEFAULTLED_CLASSADDLRATE>0</EIDEFAULTLED_CLASSADDLRATE>
      <TEMPVATCLASSIFICATION/>
      <ISATTDDATAPRESERVED/>
      <TEMPGSTEWAYBILLNUMBER/>
      <TEMPGSTEWAYBILLDATE/>
      <TEMPGSTEWAYSUBTYPE/>
      <TEMPGSTEWAYDOCUMENTTYPE/>
      <TEMPGSTEWAYSTATUS/>
      <TEMPGSTEWAYCONSIGNOR/>
      <TEMPGSTEWAYCONSIGNORADDRESS/>
      <TEMPGSTEWAYFROMPLACE/>
      <TEMPCONSIGNORPINCODENUMBER>0</TEMPCONSIGNORPINCODENUMBER>
      <TEMPGSTEWAYPINCODENUMBER>0</TEMPGSTEWAYPINCODENUMBER>
      <TEMPGSTEWAYPINCODE/>
      <TEMPGSTEWAYCONSIGNORTIN/>
      <TEMPGSTEWAYCONSIGNORSTATE/>
      <TEMPGSTEWAYCONSSHIPFROMSTATE/>
      <TEMPGSTEWAYCONSIGNEE/>
      <TEMPGSTEWAYCONSADDRESS/>
      <TEMPGSTEWAYCONSFROMPLACE/>
      <TEMPGSTEWAYCONSPINCODENUMBER>0</TEMPGSTEWAYCONSPINCODENUMBER>
      <TEMPCONSIGNEEPINCODENUMBER>0</TEMPCONSIGNEEPINCODENUMBER>
      <TEMPGSTEWAYCONSPINCODE/>
      <TEMPGSTEWAYCONSTIN/>
      <TEMPGSTEWAYCONSSTATE/>
      <TEMPGSTEWAYCONSSHIPTOSTATE/>
      <TEMPGSTEWAYTRANSPORTMODE/>
      <TEMPGSTEWAYDISTANCE>0</TEMPGSTEWAYDISTANCE>
      <TEMPGSTEWAYTRANSPORTERNAME/>
      <TEMPGSTEWAYVEHICLENUMBER/>
      <TEMPGSTEWAYTRANSPORTERID/>
      <TEMPGSTEWAYTRANSPORTERDOCNO/>
      <TEMPGSTEWAYTRANSPORTERDOCDATE/>
      <TEMPGSTEWAYVEHICLETYPE/>
      <TEMPGSTEWAYCONSBILLNUMBER/>
      <TEMPGSTEWAYCONSBILLDATE/>
      <TEMPISUSERDEFINEDCLASS/>
      <TEMPCLASSNATURE/>
      <TEMPGSTOVRDNINELIGIBLEITC/>
      <TEMPGSTOVRDNISREVCHARGEAPPL/>
      <TEMPGSTOVRDNTAXABILITY/>
      <TEMPGSTOVRDNISREVCHARGEAPPLSTR/>
      <TEMPGSTOVRDNINELIGIBLEITCSTR/>
      <TEMPGSTVCHDESTINATIONSTATE/>
      <TEMPGSTPARTYLEDLOCTYPE/>
      <TEMPGSTPARTYDEALERTYPE/>
      <TEMPGSTRISCOMMONPARTY/>
      <TEMPGSTRCOUNTRY/>
      <TEMPGSTRSTATE/>
      <TEMPGSTRTIN/>
      <TEMPGSTRDEALERTYPE/>
      <CURRGSTCOUNTRY/>
      <EWAYBILLDETAILS.LIST>      </EWAYBILLDETAILS.LIST>
      <EXCLUDEDTAXATIONS.LIST>      </EXCLUDEDTAXATIONS.LIST>
      <OLDAUDITENTRIES.LIST>      </OLDAUDITENTRIES.LIST>
      <ACCOUNTAUDITENTRIES.LIST>      </ACCOUNTAUDITENTRIES.LIST>
      <AUDITENTRIES.LIST>      </AUDITENTRIES.LIST>
      <DUTYHEADDETAILS.LIST>      </DUTYHEADDETAILS.LIST>
      <SUPPLEMENTARYDUTYHEADDETAILS.LIST>      </SUPPLEMENTARYDUTYHEADDETAILS.LIST>
      <IRNERRORLIST.LIST>      </IRNERRORLIST.LIST>
      <INVOICEDELNOTES.LIST>      </INVOICEDELNOTES.LIST>
      <INVOICEORDERLIST.LIST>      </INVOICEORDERLIST.LIST>
      <INVOICEINDENTLIST.LIST>      </INVOICEINDENTLIST.LIST>
      <ATTENDANCEENTRIES.LIST>      </ATTENDANCEENTRIES.LIST>
      <ORIGINVOICEDETAILS.LIST>      </ORIGINVOICEDETAILS.LIST>
      <INVOICEEXPORTLIST.LIST>      </INVOICEEXPORTLIST.LIST>
      <ALLLEDGERENTRIES.LIST>
       <OLDAUDITENTRYIDS.LIST TYPE="Number">
        <OLDAUDITENTRYIDS>-1</OLDAUDITENTRYIDS>
       </OLDAUDITENTRYIDS.LIST>
       <ORIGPURCHINVDATE/>
       <NARRATION/>
       <ADDLALLOCTYPE/>
       <TAXCLASSIFICATIONNAME/>
       <NOTIFICATIONSLNO/>
       <SWIFTCODE/>
       <ROUNDTYPE/>
       <LEDGERNAME>Tr Ext A/c</LEDGERNAME>
       <TAXUNITNAME/>
       <STATNATURENAME/>
       <GOODSTYPE/>
       <METHODTYPE/>
       <CLASSRATE/>
       <STATCLASSIFICATIONNAME/>
       <EXCISECLASSIFICATIONNAME/>
       <ISZRBASICSERVICE/>
       <VATCOMMODITYNAME/>
       <SCHEDULE/>
       <SCHEDULESERIALNUMBER/>
       <VATCOMMODITYCODE/>
       <VATSUBCOMMODITYCODE/>
       <VATTRADENAME/>
       <VATMAJORCOMMODITYNAME/>
       <TDSPARTYNAME/>
       <VATPARTYORGNAME/>
       <XBRLADJTYPE/>
       <VOUCHERFBTCATEGORY/>
       <TYPEOFTAXPAYMENT/>
       <VATCALCULATIONTYPE/>
       <VATWORKSCONTRACTTYPE/>
       <VATWCDESCRIPTION/>
       <GSTCLASS/>
       <SCHVIADJTYPE/>
       <GSTOVRDNCLASSIFICATION/>
       <GSTOVRDNNATURE/>
       <GSTOVRDNINELIGIBLEITC/>
       <GSTOVRDNISREVCHARGEAPPL/>
       <GSTOVRDNTAXABILITY/>
       <GSTHSNSACCODE/>
       <VATGOODSNATURE/>
       <POSPAYMENTTYPE/>
       <GSTPARTYLEDGER/>
       <ORIGPURCHPARTY/>
       <ORIGPURCHPARTYADDRESS/>
       <ORIGPURCHINVNO/>
       <ORIGPURCHNOTE/>
       <ISDEEMEDPOSITIVE>No</ISDEEMEDPOSITIVE>
       <LEDGERFROMITEM>No</LEDGERFROMITEM>
       <REMOVEZEROENTRIES>No</REMOVEZEROENTRIES>
       <ISPARTYLEDGER>Yes</ISPARTYLEDGER>
       <ISLASTDEEMEDPOSITIVE>No</ISLASTDEEMEDPOSITIVE>
       <ISCAPVATTAXALTERED>No</ISCAPVATTAXALTERED>
       <ISCAPVATNOTCLAIMED>No</ISCAPVATNOTCLAIMED>
       <STCRADJPERCENT>0</STCRADJPERCENT>
       <ROUNDLIMIT>0</ROUNDLIMIT>
       <RATEOFADDLVAT>0</RATEOFADDLVAT>
       <RATEOFCESSONVAT>0</RATEOFCESSONVAT>
       <VATTAXRATE>0</VATTAXRATE>
       <VATITEMQTY>0</VATITEMQTY>
       <PREVINVTOTALNUM>0</PREVINVTOTALNUM>
       <VATWCDEDUCTIONRATE>0</VATWCDEDUCTIONRATE>
       <GSTTAXRATE>0</GSTTAXRATE>
       <ORIGINVGOODSQTY>0</ORIGINVGOODSQTY>
       <CAPVATTAXRATE>0</CAPVATTAXRATE>
       <AMOUNT>1000.00</AMOUNT>
       <FBTEXEMPTAMOUNT/>
       <VATASSESSABLEVALUE/>
       <VATWCCOSTOFLAND/>
       <VATWCDEDLABOURCHARGES/>
       <VATWCOTHERDEDUCTIONAMT/>
       <VATWCVALUEOFTAXFREEGOODS/>
       <VATWCOTHERCHARGES/>
       <VATWCSUBCONTRACTORAMT/>
       <PREVAMOUNT/>
       <PREVINVTOTALAMT/>
       <VATWCDEDUCTIONAMOUNT/>
       <ORIGINVGOODSVALUE/>
       <CENVATCAPTINPUTAMT/>
       <GSTASSESSABLEVALUE/>
       <IGSTLIABILITY/>
       <CGSTLIABILITY/>
       <SGSTLIABILITY/>
       <GSTCESSLIABILITY/>
       <GSTOVRDNASSESSABLEVALUE/>
       <GSTASSBLVALUE/>
       <ORIGINVGOODSTAXVALUE/>
       <VATWCESTABLISHMENTCOST/>
       <VATWCCONTRACTORPROFIT/>
       <VATWCPLANNINGDESIGNFEES/>
       <VATWCMACHINERYTOOLSCHARGES/>
       <VATWCCONSUMABLESCOST/>
       <VATEXPAMOUNT/>
       <VATASSBLVALUE/>
       <VATACCEPTEDTAXAMT/>
       <VATACCEPTEDADDLTAXAMT/>
       <CASHRECEIVED/>
       <CAPVATASSEABLEVALUE/>
       <CAPVATTAXVALUE/>
       <ORIGPURCHVALUE/>
       <SUPPLYMARGVAL/>
       <DENOMINATIONCOUNT2000X>0</DENOMINATIONCOUNT2000X>
       <DENOMINATIONCOUNT1000X>0</DENOMINATIONCOUNT1000X>
       <DENOMINATIONCOUNT500X>0</DENOMINATIONCOUNT500X>
       <DENOMINATIONCOUNT200X>0</DENOMINATIONCOUNT200X>
       <DENOMINATIONCOUNT100X>0</DENOMINATIONCOUNT100X>
       <DENOMINATIONCOUNT50X>0</DENOMINATIONCOUNT50X>
       <DENOMINATIONCOUNT20X>0</DENOMINATIONCOUNT20X>
       <DENOMINATIONCOUNT10X>0</DENOMINATIONCOUNT10X>
       <DENOMINATIONCOUNT5X>0</DENOMINATIONCOUNT5X>
       <DENOMINATIONCOUNT2X>0</DENOMINATIONCOUNT2X>
       <DENOMINATIONCOUNT1X>0</DENOMINATIONCOUNT1X>
       <DENOMINATIONAMOUNTOTHERS/>
       <CURRPARTYLEDGERNAME/>
       <TEMPVATCLASSIFICATION/>
       <INVOICEROUNDINGDIFFVAL/>
       <VATGCCTAXAMOUNT/>
       <GSTCOMPDUTYAMOUNT/>
       <EXCISETEMPDUTYVAL/>
       <ISVATADJLEDGER/>
       <VATASSESMENTATE>0</VATASSESMENTATE>
       <GSTLEDGERDISCOUNT/>
       <GVATLEDGEREXCISE/>
       <GSTDUTYAMOUNT/>
       <RBVATTAXAMOUNT/>
       <SALESCESSTAXAMOUNT/>
       <SERVICETAXDETAILS.LIST>       </SERVICETAXDETAILS.LIST>
       <BANKALLOCATIONS.LIST>       </BANKALLOCATIONS.LIST>
       <BILLALLOCATIONS.LIST>
        <YEAREND/>
        <NAME>6</NAME>
        <BILLCREDITPERIOD/>
        <TDSDEDUCTEESECTIONNUMBER/>
        <TDSLEDGERNC/>
        <SERVICETAXLEDGER/>
        <BILLTYPE>New Ref</BILLTYPE>
        <SUMNAME/>
        <TDSDEDUCTEEISSPECIALRATE>No</TDSDEDUCTEEISSPECIALRATE>
        <TDSDEDUCTEESPECIALRATE>0</TDSDEDUCTEESPECIALRATE>
        <AMOUNT>1000.00</AMOUNT>
        <INTERESTCOLLECTION.LIST>        </INTERESTCOLLECTION.LIST>
        <STBILLCATEGORIES.LIST>        </STBILLCATEGORIES.LIST>
       </BILLALLOCATIONS.LIST>
       <INTERESTCOLLECTION.LIST>       </INTERESTCOLLECTION.LIST>
       <OLDAUDITENTRIES.LIST>       </OLDAUDITENTRIES.LIST>
       <ACCOUNTAUDITENTRIES.LIST>       </ACCOUNTAUDITENTRIES.LIST>
       <AUDITENTRIES.LIST>       </AUDITENTRIES.LIST>
       <INPUTCRALLOCS.LIST>       </INPUTCRALLOCS.LIST>
       <DUTYHEADDETAILS.LIST>       </DUTYHEADDETAILS.LIST>
       <EXCISEDUTYHEADDETAILS.LIST>       </EXCISEDUTYHEADDETAILS.LIST>
       <RATEDETAILS.LIST>       </RATEDETAILS.LIST>
       <SUMMARYALLOCS.LIST>       </SUMMARYALLOCS.LIST>
       <STPYMTDETAILS.LIST>       </STPYMTDETAILS.LIST>
       <EXCISEPAYMENTALLOCATIONS.LIST>       </EXCISEPAYMENTALLOCATIONS.LIST>
       <TAXBILLALLOCATIONS.LIST>       </TAXBILLALLOCATIONS.LIST>
       <TAXOBJECTALLOCATIONS.LIST>       </TAXOBJECTALLOCATIONS.LIST>
       <TDSEXPENSEALLOCATIONS.LIST>       </TDSEXPENSEALLOCATIONS.LIST>
       <VATSTATUTORYDETAILS.LIST>       </VATSTATUTORYDETAILS.LIST>
       <COSTTRACKALLOCATIONS.LIST>       </COSTTRACKALLOCATIONS.LIST>
       <REFVOUCHERDETAILS.LIST>       </REFVOUCHERDETAILS.LIST>
       <INVOICEWISEDETAILS.LIST>       </INVOICEWISEDETAILS.LIST>
       <VATITCDETAILS.LIST>       </VATITCDETAILS.LIST>
       <ADVANCETAXDETAILS.LIST>       </ADVANCETAXDETAILS.LIST>
      </ALLLEDGERENTRIES.LIST>
      <ALLLEDGERENTRIES.LIST>
       <OLDAUDITENTRYIDS.LIST TYPE="Number">
        <OLDAUDITENTRYIDS>-1</OLDAUDITENTRYIDS>
       </OLDAUDITENTRYIDS.LIST>
       <ORIGPURCHINVDATE/>
       <NARRATION/>
       <ADDLALLOCTYPE/>
       <TAXCLASSIFICATIONNAME/>
       <NOTIFICATIONSLNO/>
       <SWIFTCODE/>
       <ROUNDTYPE/>
       <LEDGERNAME>CASH</LEDGERNAME>
       <TAXUNITNAME/>
       <STATNATURENAME/>
       <GOODSTYPE/>
       <METHODTYPE/>
       <CLASSRATE/>
       <STATCLASSIFICATIONNAME/>
       <EXCISECLASSIFICATIONNAME/>
       <ISZRBASICSERVICE/>
       <VATCOMMODITYNAME/>
       <SCHEDULE/>
       <SCHEDULESERIALNUMBER/>
       <VATCOMMODITYCODE/>
       <VATSUBCOMMODITYCODE/>
       <VATTRADENAME/>
       <VATMAJORCOMMODITYNAME/>
       <TDSPARTYNAME/>
       <VATPARTYORGNAME/>
       <XBRLADJTYPE/>
       <VOUCHERFBTCATEGORY/>
       <TYPEOFTAXPAYMENT/>
       <VATCALCULATIONTYPE/>
       <VATWORKSCONTRACTTYPE/>
       <VATWCDESCRIPTION/>
       <GSTCLASS/>
       <SCHVIADJTYPE/>
       <GSTOVRDNCLASSIFICATION/>
       <GSTOVRDNNATURE/>
       <GSTOVRDNINELIGIBLEITC/>
       <GSTOVRDNISREVCHARGEAPPL/>
       <GSTOVRDNTAXABILITY/>
       <GSTHSNSACCODE/>
       <VATGOODSNATURE/>
       <POSPAYMENTTYPE/>
       <GSTPARTYLEDGER/>
       <ORIGPURCHPARTY/>
       <ORIGPURCHPARTYADDRESS/>
       <ORIGPURCHINVNO/>
       <ORIGPURCHNOTE/>
       <ISDEEMEDPOSITIVE>Yes</ISDEEMEDPOSITIVE>
       <LEDGERFROMITEM>No</LEDGERFROMITEM>
       <REMOVEZEROENTRIES>No</REMOVEZEROENTRIES>
       <ISPARTYLEDGER>Yes</ISPARTYLEDGER>
       <ISLASTDEEMEDPOSITIVE>Yes</ISLASTDEEMEDPOSITIVE>
       <ISCAPVATTAXALTERED>No</ISCAPVATTAXALTERED>
       <ISCAPVATNOTCLAIMED>No</ISCAPVATNOTCLAIMED>
       <STCRADJPERCENT>0</STCRADJPERCENT>
       <ROUNDLIMIT>0</ROUNDLIMIT>
       <RATEOFADDLVAT>0</RATEOFADDLVAT>
       <RATEOFCESSONVAT>0</RATEOFCESSONVAT>
       <VATTAXRATE>0</VATTAXRATE>
       <VATITEMQTY>0</VATITEMQTY>
       <PREVINVTOTALNUM>0</PREVINVTOTALNUM>
       <VATWCDEDUCTIONRATE>0</VATWCDEDUCTIONRATE>
       <GSTTAXRATE>0</GSTTAXRATE>
       <ORIGINVGOODSQTY>0</ORIGINVGOODSQTY>
       <CAPVATTAXRATE>0</CAPVATTAXRATE>
       <AMOUNT>-1000.00</AMOUNT>
       <FBTEXEMPTAMOUNT/>
       <VATASSESSABLEVALUE/>
       <VATWCCOSTOFLAND/>
       <VATWCDEDLABOURCHARGES/>
       <VATWCOTHERDEDUCTIONAMT/>
       <VATWCVALUEOFTAXFREEGOODS/>
       <VATWCOTHERCHARGES/>
       <VATWCSUBCONTRACTORAMT/>
       <PREVAMOUNT/>
       <PREVINVTOTALAMT/>
       <VATWCDEDUCTIONAMOUNT/>
       <ORIGINVGOODSVALUE/>
       <CENVATCAPTINPUTAMT/>
       <GSTASSESSABLEVALUE/>
       <IGSTLIABILITY/>
       <CGSTLIABILITY/>
       <SGSTLIABILITY/>
       <GSTCESSLIABILITY/>
       <GSTOVRDNASSESSABLEVALUE/>
       <GSTASSBLVALUE/>
       <ORIGINVGOODSTAXVALUE/>
       <VATWCESTABLISHMENTCOST/>
       <VATWCCONTRACTORPROFIT/>
       <VATWCPLANNINGDESIGNFEES/>
       <VATWCMACHINERYTOOLSCHARGES/>
       <VATWCCONSUMABLESCOST/>
       <VATEXPAMOUNT/>
       <VATASSBLVALUE/>
       <VATACCEPTEDTAXAMT/>
       <VATACCEPTEDADDLTAXAMT/>
       <CASHRECEIVED/>
       <CAPVATASSEABLEVALUE/>
       <CAPVATTAXVALUE/>
       <ORIGPURCHVALUE/>
       <SUPPLYMARGVAL/>
       <DENOMINATIONCOUNT2000X>0</DENOMINATIONCOUNT2000X>
       <DENOMINATIONCOUNT1000X>0</DENOMINATIONCOUNT1000X>
       <DENOMINATIONCOUNT500X>0</DENOMINATIONCOUNT500X>
       <DENOMINATIONCOUNT200X>0</DENOMINATIONCOUNT200X>
       <DENOMINATIONCOUNT100X>0</DENOMINATIONCOUNT100X>
       <DENOMINATIONCOUNT50X>0</DENOMINATIONCOUNT50X>
       <DENOMINATIONCOUNT20X>0</DENOMINATIONCOUNT20X>
       <DENOMINATIONCOUNT10X>0</DENOMINATIONCOUNT10X>
       <DENOMINATIONCOUNT5X>0</DENOMINATIONCOUNT5X>
       <DENOMINATIONCOUNT2X>0</DENOMINATIONCOUNT2X>
       <DENOMINATIONCOUNT1X>0</DENOMINATIONCOUNT1X>
       <DENOMINATIONAMOUNTOTHERS/>
       <CURRPARTYLEDGERNAME/>
       <TEMPVATCLASSIFICATION/>
       <INVOICEROUNDINGDIFFVAL/>
       <VATGCCTAXAMOUNT/>
       <GSTCOMPDUTYAMOUNT/>
       <EXCISETEMPDUTYVAL/>
       <ISVATADJLEDGER/>
       <VATASSESMENTATE>0</VATASSESMENTATE>
       <GSTLEDGERDISCOUNT/>
       <GVATLEDGEREXCISE/>
       <GSTDUTYAMOUNT/>
       <RBVATTAXAMOUNT/>
       <SALESCESSTAXAMOUNT/>
       <SERVICETAXDETAILS.LIST>       </SERVICETAXDETAILS.LIST>
       <BANKALLOCATIONS.LIST>       </BANKALLOCATIONS.LIST>
       <BILLALLOCATIONS.LIST>       </BILLALLOCATIONS.LIST>
       <INTERESTCOLLECTION.LIST>       </INTERESTCOLLECTION.LIST>
       <OLDAUDITENTRIES.LIST>       </OLDAUDITENTRIES.LIST>
       <ACCOUNTAUDITENTRIES.LIST>       </ACCOUNTAUDITENTRIES.LIST>
       <AUDITENTRIES.LIST>       </AUDITENTRIES.LIST>
       <INPUTCRALLOCS.LIST>       </INPUTCRALLOCS.LIST>
       <DUTYHEADDETAILS.LIST>       </DUTYHEADDETAILS.LIST>
       <EXCISEDUTYHEADDETAILS.LIST>       </EXCISEDUTYHEADDETAILS.LIST>
       <RATEDETAILS.LIST>       </RATEDETAILS.LIST>
       <SUMMARYALLOCS.LIST>       </SUMMARYALLOCS.LIST>
       <STPYMTDETAILS.LIST>       </STPYMTDETAILS.LIST>
       <EXCISEPAYMENTALLOCATIONS.LIST>       </EXCISEPAYMENTALLOCATIONS.LIST>
       <TAXBILLALLOCATIONS.LIST>       </TAXBILLALLOCATIONS.LIST>
       <TAXOBJECTALLOCATIONS.LIST>       </TAXOBJECTALLOCATIONS.LIST>
       <TDSEXPENSEALLOCATIONS.LIST>       </TDSEXPENSEALLOCATIONS.LIST>
       <VATSTATUTORYDETAILS.LIST>       </VATSTATUTORYDETAILS.LIST>
       <COSTTRACKALLOCATIONS.LIST>       </COSTTRACKALLOCATIONS.LIST>
       <REFVOUCHERDETAILS.LIST>       </REFVOUCHERDETAILS.LIST>
       <INVOICEWISEDETAILS.LIST>       </INVOICEWISEDETAILS.LIST>
       <VATITCDETAILS.LIST>       </VATITCDETAILS.LIST>
       <ADVANCETAXDETAILS.LIST>       </ADVANCETAXDETAILS.LIST>
      </ALLLEDGERENTRIES.LIST>
      <PAYROLLMODEOFPAYMENT.LIST>      </PAYROLLMODEOFPAYMENT.LIST>
      <ATTDRECORDS.LIST>      </ATTDRECORDS.LIST>
      <GSTEWAYCONSIGNORADDRESS.LIST>      </GSTEWAYCONSIGNORADDRESS.LIST>
      <GSTEWAYCONSIGNEEADDRESS.LIST>      </GSTEWAYCONSIGNEEADDRESS.LIST>
      <TEMPGSTRATEDETAILS.LIST>      </TEMPGSTRATEDETAILS.LIST>
     </VOUCHER>
    </TALLYMESSAGE>
    <TALLYMESSAGE xmlns:UDF="TallyUDF">
     <VOUCHER REMOTEID="0104ec5d-3a78-4045-b472-e46e6308b8a0-000000f7" VCHKEY="0104ec5d-3a78-4045-b472-e46e6308b8a0-0000ad78:00000060" VCHTYPE="Receipt" ACTION="Create" OBJVIEW="Accounting Voucher View">
      <OLDAUDITENTRYIDS.LIST TYPE="Number">
       <OLDAUDITENTRYIDS>-1</OLDAUDITENTRYIDS>
      </OLDAUDITENTRYIDS.LIST>
      <ACTIVETO/>
      <ALTEREDON/>
      <DATE>20210801</DATE>
      <LUTDATEOFISSUE/>
      <LUTEXPIRYDATE/>
      <BONDDATEOFISSUE/>
      <BONDEXPIRYDATE/>
      <TAXCHEQUEDATE/>
      <TAXCHALLANDATE/>
      <REFERENCEDATE/>
      <SHIPPINGBILLDATE/>
      <BILLOFENTRYDATE/>
      <VATPARTYTRANSRETURNDATE/>
      <RECONCILATIONDATE/>
      <FORM16ISSUEDATE/>
      <CSTFORMISSUEDATE/>
      <CSTFORMRECVDATE/>
      <CERTIFICATEDATE/>
      <FBTFROMDATE/>
      <FBTTODATE/>
      <RETURNINVOICEDATE/>
      <AGGREMENTORDERDATE/>
      <GOODSRCPTDATE/>
      <LORRYRECPTDATE/>
      <TRANSSALELANDINGDATE/>
      <TRANSBUYERLANDINGDATE/>
      <CREDITLETTERDATE/>
      <AIRWAYBILLDATE/>
      <VATORDERDATE/>
      <INVDELIVERYDATE/>
      <BILLOFLADINGDATE/>
      <VATDEPOSITDATE/>
      <VATDOCUMENTDATE/>
      <VATCHALLANDATE/>
      <ECDATE/>
      <VATTDSDATE/>
      <ADJFROMDATE/>
      <ADJTODATE/>
      <VATDDCHEQUEDATE/>
      <TAXPAYPERIODFROMDATE/>
      <TAXPAYPERIODTODATE/>
      <STTAXCHALLANDATE/>
      <GSTCHALLANDATE/>
      <GSTCHALLANEXPIRYDATE/>
      <ADJPARTYINVOICEDATE/>
      <ADJPARTYPAYMENTDATE/>
      <PARTYORDERDATE/>
      <ADVANCERECEIPTDATE/>
      <REFUNDVOUCHERDATE/>
      <IRNACKDATE/>
      <IRNCANCELDATE/>
      <VATSUBMISSIONDATE/>
      <PARTYINVDATE/>
      <INSPDOCDATE/>
      <VATCANCINVDATE/>
      <VATGOODSRECEIPTDATE/>
      <VATCSTE1DATE/>
      <DISPATCHDATE/>
      <AUDITEDON/>
      <GUID>0104ec5d-3a78-4045-b472-e46e6308b8a0-000000f7</GUID>
      <GSTREGISTRATIONTYPE/>
      <VATDEALERTYPE/>
      <STATENAME/>
      <PRICELEVEL/>
      <TDSNATUREOFPAYMENT/>
      <AUTOCOSTLEVEL/>
      <NARRATION/>
      <REQUESTORRULE/>
      <ALTEREDBY/>
      <COUNTRYOFRESIDENCE/>
      <IMPORTEREXPORTERCODE/>
      <PARTYGSTIN/>
      <NATUREOFSALES/>
      <EXCISENOTIFICATIONNO/>
      <PLACEOFSUPPLY/>
      <LUTNUMBER/>
      <BONDNUMBER/>
      <AUTHORITYNAME/>
      <AUTHORITYADDRESS/>
      <TAXUNITNAME/>
      <EXCISEUNITNAME/>
      <CLASSNAME/>
      <POSCARDLEDGER/>
      <POSCASHLEDGER/>
      <POSGIFTLEDGER/>
      <POSCHEQUELEDGER/>
      <EXCISECLASSIFICATIONNAME/>
      <TDSSECTIONNO/>
      <TDSDEDNSTATUS/>
      <TAXBANKCHALLANNUMBER/>
      <TAXCHALLANBSRCODE/>
      <TAXCHEQUENUMBER/>
      <TAXBANKNAME/>
      <TAXBANKBRANCHNAME/>
      <PARTYNAME/>
      <PARTYLEDGERNAME>D K Ltd</PARTYLEDGERNAME>
      <GSTACTIVITYSTATUS/>
      <TAXADJUSTMENT/>
      <BUYERADDRESSTYPE/>
      <PORTCODE/>
      <SHIPPINGBILLNO/>
      <BILLOFENTRYNO/>
      <VATPARTYTRANSRETURNNUMBER/>
      <URDORIGINALSALEVALUE/>
      <GSTNATUREOFRETURN/>
      <VOUCHERTYPENAME>Receipt</VOUCHERTYPENAME>
      <REFERENCE/>
      <VOUCHERNUMBER>6</VOUCHERNUMBER>
      <BASICBASEPARTYNAME/>
      <BASICVOUCHERCHEQUENAME/>
      <BASICVOUCHERCROSSCOMMENT/>
      <EXCHGCURRENCYNAME/>
      <SERIALMASTER/>
      <SERIALNUMBER/>
      <STATADJUSTMENTTYPE/>
      <STATPAYMENTTYPE/>
      <CONSIGNEEIECODE/>
      <SUPPLIERIECODE/>
      <ARESERIALMASTER/>
      <ARESERIALNUMBER/>
      <SUMAUTOVCHNUM/>
      <TAXBANKACCOUNTNUMBER/>
      <CSTFORMISSUETYPE/>
      <CSTFORMISSUENUMBER/>
      <CSTFORMRECVTYPE/>
      <CSTFORMRECVNUMBER/>
      <CONSIGNEECSTNUMBER/>
      <BUYERSCSTNUMBER/>
      <CSTFORMISSUESERIESNUM/>
      <CSTFORMRECVSERIESNUM/>
      <EXCISETREASURYNUMBER/>
      <EXCISETREASURYNAME/>
      <CERTIFICATETYPE/>
      <CERTIFICATENUMBER/>
      <AREFORMTYPE/>
      <DESTINATIONTAXUNIT/>
      <FBTPAYMENTTYPE>Default</FBTPAYMENTTYPE>
      <POSCARDNUMBER/>
      <POSCHEQUENUMBER/>
      <POSCHEQUEBANKNAME/>
      <CHALLANTYPE/>
      <CHEQUEDEPOSITORNAME/>
      <EXCISENOTIFICATIONSERIALNO/>
      <PERSISTEDVIEW>Accounting Voucher View</PERSISTEDVIEW>
      <EXCISETARIFFTYPE/>
      <CONSIGNEELBTREGNNO/>
      <CONSIGNEELBTZONE/>
      <SUPPLIERLBTREGNNO/>
      <SUPPLIERLBTZONE/>
      <LBTMAPPEDCATEGORY/>
      <LBTMAPPEDZONE/>
      <LBTNATUREOFLIABILITY/>
      <CASHPARTYPAN/>
      <CASHPARTYDEDTYPE/>
      <VCHTAXTYPE/>
      <PURPOSEOFPURCHASE/>
      <POINTOFTRANSACTION/>
      <TRANSPORTERNAME/>
      <TRANSPORTMODE/>
      <AGGREMENTORDERNO/>
      <FOREIGNSELLERNAME/>
      <EXPORTERCOUNTRY/>
      <GOODSVEHICLENUMBER/>
      <SHIPNAME/>
      <SHIPAGENTNAME/>
      <CLEARINGAGENTNAME/>
      <LORRYRECPTNO/>
      <CARRIERNAME/>
      <CREDITLETTERREF/>
      <AIRWAYBILLNO/>
      <FWDAGENTNAME/>
      <VATORDERNO/>
      <VATSELLERTIN/>
      <TRANSSOURCEPLACE/>
      <TRANSCATEGORY/>
      <VATDOCUMENTTYPE/>
      <VATTRANSBILLQTY/>
      <VATTRANSBILLNO/>
      <BILLOFLADINGNO/>
      <VATPAIDAGAINST/>
      <VATBANKNAME/>
      <VATBANKBRANCH/>
      <VATDDCHEQUENO/>
      <VATADJUSTMENTTYPE/>
      <VATFORMSTATUS/>
      <VATDOCUMENTNUMBER/>
      <VATSOURCESTATE/>
      <VATDESTINATIONSTATE/>
      <VATDESTINATIONPLACE/>
      <VATPARTYORGTYPE/>
      <VATPARTYTYPE/>
      <VATCHALLANNUMBER/>
      <VATDESIGOFPURCHASER/>
      <VATPURCHASERCPTTYPE/>
      <VATGOODSRCPTNO/>
      <VATPARTYORGNAME/>
      <AIRPORTNAME/>
      <TDNOFAWARDER/>
      <ECNUMBER/>
      <ECISSUINGAUTHORITY/>
      <CONTRACTORTIN/>
      <VATTDSBARCODE/>
      <VATPYMTMODEOFDEPOSIT/>
      <VATPYMTTAXDESC/>
      <VATBANKACCNUMBER/>
      <VATBRANCHCODE/>
      <VATTRANSSOURCE/>
      <VATADJADDLDETAILS/>
      <VATBRANCHNAME/>
      <PRIORITYSTATECONFLICT/>
      <EICHECKPOST/>
      <PORTNAME/>
      <VATEFORMAPPLICABLE/>
      <VATEFORMAPPLICABLENO/>
      <VATINCOURSEOF/>
      <VATDISPATCHTIME/>
      <VATTRANSPORTERADDRESS/>
      <VATCONTRACTEETDN/>
      <VATCONTRACTEEDISTRICT/>
      <VATCONTRACTEENAME/>
      <CONSUMERIDENTIFICATIONNUMBER/>
      <STTVCHRHANDLE/>
      <SRVTREGNUMBER/>
      <TAXPAYMENTTYPE/>
      <STTAXBANKCHALLANNUMBER/>
      <TYPEOFEXCISEVOUCHER/>
      <GSTBANKNAME/>
      <GSTBANKACCOUNTNUMBER/>
      <GSTBANKACCOUNTTYPE/>
      <GSTBANKACCOUNTHOLDER/>
      <GSTBANKBRANCHADDRESS/>
      <GSTBANKIFSCCODE/>
      <GSTBANKMICRCODE/>
      <GSTDEBITDOCNUMBER/>
      <GSTPYMTMODEOFDEPOSIT/>
      <GSTBANKBRANCHNAME/>
      <GSTINSTRUMENTNUMBER/>
      <GSTCHALLANNUMBER/>
      <GSTCPINNUMBER/>
      <GSTCINNUMBER/>
      <ADJPARTYGSTIN/>
      <ADJPARTYINVOICENO/>
      <GSTMERCHANTID/>
      <PARTYORDERNO/>
      <GSTITCREVERSALDETAILS/>
      <GSTITCDOCUMENTTYPE/>
      <GSTADDITIONALDETAILS/>
      <GSTRECONSTATUS/>
      <GSTREASONFORREJECTION/>
      <ADVANCERECEIPTNUMBER/>
      <REFUNDVOUCHERNUMBER/>
      <VCHTAXUNIT/>
      <CONSIGNEEGSTIN/>
      <IRNACKNO/>
      <IRN/>
      <IRNQRCODE/>
      <BILLTOPLACE/>
      <SHIPTOPLACE/>
      <DISPATCHFROMNAME/>
      <DISPATCHFROMADDRESSTYPE/>
      <DISPATCHFROMSTATENAME/>
      <DISPATCHFROMPINCODE/>
      <DISPATCHFROMPLACE/>
      <IRNCANCELREASON/>
      <IRNCANCELCODE/>
      <BASICSHIPPEDBY/>
      <BASICDESTINATIONCOUNTRY/>
      <BASICBUYERNAME/>
      <BASICPLACEOFRECEIPT/>
      <BASICSHIPDOCUMENTNO/>
      <BASICPORTOFLOADING/>
      <BASICPORTOFDISCHARGE/>
      <BASICFINALDESTINATION/>
      <BASICORDERREF/>
      <BASICSHIPVESSELNO/>
      <BASICBUYERSSALESTAXNO/>
      <BASICDUEDATEOFPYMT/>
      <BASICSERIALNUMINPLA/>
      <BASICDATETIMEOFINVOICE/>
      <BASICDATETIMEOFREMOVAL/>
      <PARTYADDRESSTYPE/>
      <MFGRADDRESSTYPE/>
      <TRANSPORTERADDRROOM/>
      <TRANSPORTERADDRBLDG/>
      <TRANSPORTERADDRROAD/>
      <TRANSPORTERADDRAREA/>
      <TRANSPORTERADDRTOWN/>
      <TRANSPORTERADDRDIST/>
      <TRANSPORTERADDRSTATE/>
      <TRANSPORTERADDRPINCODE/>
      <TRANSPORTERADDRPHONE/>
      <TRANSPORTERADDRFAX/>
      <TRANSPORTERVEHICLE2/>
      <TRANSPORTLOCALTIN/>
      <VATCFORMISSUESTATE/>
      <PLACEOFSUPPLYSTATE/>
      <PLACEOFSUPPLYCOUNTRY/>
      <EMIRATEPOS/>
      <PARTYMAILINGNAME/>
      <PARTYPINCODE/>
      <CONSIGNEEMAILINGNAME/>
      <CONSIGNEECOUNTRYNAME/>
      <VCHGSTCLASS/>
      <COSTCENTRENAME/>
      <ADDITIONALNARRATION/>
      <PARTYINVNO/>
      <INSPDOCNO/>
      <SETTLEMENTTYPE/>
      <VOUCHERTIME/>
      <HOLDREFERENCE/>
      <VATCANCINVNO/>
      <VATCANCPURCTIN/>
      <VATCANCPURCNAME/>
      <VATTYPEOFDEVICE/>
      <VATBRIEFDESCRIPTION/>
      <VATDEVICENO/>
      <BUYERPINNUMBER/>
      <VATEXPORTENTRYNO/>
      <CONSIGNEEPINNUMBER/>
      <VATEXEMPTCERTIFICATENO/>
      <VATVEHICLENUMBER/>
      <VATGOODSRECEIPTNUMBER/>
      <VATMOBILENUMBER/>
      <VATCSTE1SERIESNO/>
      <VATCSTE1SERIALNO/>
      <VATPERMITFORM/>
      <VATCERTIFICATENO/>
      <CONSIGNEECIRCLE/>
      <CONSIGNEECITY/>
      <CONSIGNEESTATENAME/>
      <CONSIGNEEPINCODE/>
      <CONSIGNEEMOBILENUMBER/>
      <CONSIGNEEOTHERS/>
      <CONSIGNEEMAIL/>
      <DELIVERYCITY/>
      <DELIVERYPINCODE/>
      <DELIVERYOTHERS/>
      <DELIVERYSTATE/>
      <DISPATCHCITY/>
      <DISPATCHPINCODE/>
      <DESTINATIONPERMITNUMBER/>
      <ENTRYCHECKPOSTLOCATION/>
      <EXITCHECKPOSTLOCATION/>
      <VATTDSDEDUCTORNAME/>
      <VCHENTRYMODE/>
      <ENTEREDBY/>
      <VOUCHERTYPEORIGNAME>Receipt</VOUCHERTYPEORIGNAME>
      <DIFFACTUALQTY>No</DIFFACTUALQTY>
      <ISMSTFROMSYNC>No</ISMSTFROMSYNC>
      <ASORIGINAL>No</ASORIGINAL>
      <AUDITED>No</AUDITED>
      <FORJOBCOSTING>No</FORJOBCOSTING>
      <ISOPTIONAL>No</ISOPTIONAL>
      <EFFECTIVEDATE>20210801</EFFECTIVEDATE>
      <USEFOREXCISE>No</USEFOREXCISE>
      <ISFORJOBWORKIN>No</ISFORJOBWORKIN>
      <ALLOWCONSUMPTION>No</ALLOWCONSUMPTION>
      <USEFORINTEREST>No</USEFORINTEREST>
      <USEFORGAINLOSS>No</USEFORGAINLOSS>
      <USEFORGODOWNTRANSFER>No</USEFORGODOWNTRANSFER>
      <USEFORCOMPOUND>No</USEFORCOMPOUND>
      <USEFORSERVICETAX>No</USEFORSERVICETAX>
      <ISDELETED>No</ISDELETED>
      <ISONHOLD>No</ISONHOLD>
      <ISBOENOTAPPLICABLE>No</ISBOENOTAPPLICABLE>
      <ISEXCISEVOUCHER>No</ISEXCISEVOUCHER>
      <EXCISETAXOVERRIDE>No</EXCISETAXOVERRIDE>
      <USEFORTAXUNITTRANSFER>No</USEFORTAXUNITTRANSFER>
      <IGNOREPOSVALIDATION>No</IGNOREPOSVALIDATION>
      <EXCISEOPENING>No</EXCISEOPENING>
      <USEFORFINALPRODUCTION>No</USEFORFINALPRODUCTION>
      <ISTDSOVERRIDDEN>No</ISTDSOVERRIDDEN>
      <ISTCSOVERRIDDEN>No</ISTCSOVERRIDDEN>
      <ISTDSTCSCASHVCH>No</ISTDSTCSCASHVCH>
      <INCLUDEADVPYMTVCH>No</INCLUDEADVPYMTVCH>
      <ISSUBWORKSCONTRACT>No</ISSUBWORKSCONTRACT>
      <ISVATOVERRIDDEN>No</ISVATOVERRIDDEN>
      <IGNOREORIGVCHDATE>No</IGNOREORIGVCHDATE>
      <ISVATPAIDATCUSTOMS>No</ISVATPAIDATCUSTOMS>
      <ISDECLAREDTOCUSTOMS>No</ISDECLAREDTOCUSTOMS>
      <ISSERVICETAXOVERRIDDEN>No</ISSERVICETAXOVERRIDDEN>
      <ISISDVOUCHER>No</ISISDVOUCHER>
      <ISEXCISEOVERRIDDEN>No</ISEXCISEOVERRIDDEN>
      <ISEXCISESUPPLYVCH>No</ISEXCISESUPPLYVCH>
      <ISGSTOVERRIDDEN>No</ISGSTOVERRIDDEN>
      <GSTNOTEXPORTED>No</GSTNOTEXPORTED>
      <IGNOREGSTINVALIDATION>No</IGNOREGSTINVALIDATION>
      <ISGSTREFUND>No</ISGSTREFUND>
      <ISGSTSECSEVENAPPLICABLE>No</ISGSTSECSEVENAPPLICABLE>
      <ISVATPRINCIPALACCOUNT>No</ISVATPRINCIPALACCOUNT>
      <IGNOREEINVVALIDATION>No</IGNOREEINVVALIDATION>
      <IRNJSONEXPORTED>No</IRNJSONEXPORTED>
      <IRNCANCELLED>No</IRNCANCELLED>
      <ISSHIPPINGWITHINSTATE>No</ISSHIPPINGWITHINSTATE>
      <ISOVERSEASTOURISTTRANS>No</ISOVERSEASTOURISTTRANS>
      <ISDESIGNATEDZONEPARTY>No</ISDESIGNATEDZONEPARTY>
      <ISCANCELLED>No</ISCANCELLED>
      <HASCASHFLOW>Yes</HASCASHFLOW>
      <ISPOSTDATED>No</ISPOSTDATED>
      <USETRACKINGNUMBER>No</USETRACKINGNUMBER>
      <ISINVOICE>No</ISINVOICE>
      <MFGJOURNAL>No</MFGJOURNAL>
      <HASDISCOUNTS>No</HASDISCOUNTS>
      <ASPAYSLIP>No</ASPAYSLIP>
      <ISCOSTCENTRE>No</ISCOSTCENTRE>
      <ISSTXNONREALIZEDVCH>No</ISSTXNONREALIZEDVCH>
      <ISEXCISEMANUFACTURERON>No</ISEXCISEMANUFACTURERON>
      <ISBLANKCHEQUE>No</ISBLANKCHEQUE>
      <ISVOID>No</ISVOID>
      <ORDERLINESTATUS>No</ORDERLINESTATUS>
      <VATISAGNSTCANCSALES>No</VATISAGNSTCANCSALES>
      <VATISPURCEXEMPTED>No</VATISPURCEXEMPTED>
      <ISVATRESTAXINVOICE>No</ISVATRESTAXINVOICE>
      <VATISASSESABLECALCVCH>No</VATISASSESABLECALCVCH>
      <ISVATDUTYPAID>Yes</ISVATDUTYPAID>
      <ISDELIVERYSAMEASCONSIGNEE>No</ISDELIVERYSAMEASCONSIGNEE>
      <ISDISPATCHSAMEASCONSIGNOR>No</ISDISPATCHSAMEASCONSIGNOR>
      <ISDELETEDVCHRETAINED>No</ISDELETEDVCHRETAINED>
      <CHANGEVCHMODE>No</CHANGEVCHMODE>
      <RESETIRNQRCODE>No</RESETIRNQRCODE>
      <ALTERID> 443</ALTERID>
      <MASTERID> 247</MASTERID>
      <VOUCHERKEY>190730907680864</VOUCHERKEY>
      <ECFEERATE>0</ECFEERATE>
      <VATCONSIGNMENTNO>0</VATCONSIGNMENTNO>
      <QRCODECRC>0</QRCODECRC>
      <VATTDSRATE>0</VATTDSRATE>
      <BONDAMOUNT/>
      <POSCASHRECEIVED/>
      <CUSTOMDUTYPAID/>
      <VATPARTYITCCLAIMED/>
      <VATPARTYTAXLIABILITY/>
      <VALUEOFWORKSCONTRACT/>
      <ECFEEAMOUNT/>
      <ECFEEDEPOSITBYAWARDER/>
      <ECFEEDEPOSITBYCONTRACTOR/>
      <TDSDEDUCTED/>
      <VALUEOFSUBWORKSCONT/>
      <VATTDSAMT/>
      <ADJPARTYINVOICEVALUE/>
      <GSTINVASSESSABLEVALUE/>
      <VATGOODSVALUE/>
      <EXCHGRATE/>
      <PROCESSINGDURATION/>
      <TEMPGSTEWAYCONSIGNORADDRESSTYPE/>
      <TEMPGSTEWAYCONSIGNEEADDRESSTYPE/>
      <EIDEFAULTLED_ISZRBASICSERVICE/>
      <PREVBOMNAME/>
      <CURBOMNAME/>
      <COMMONNATUREOFPAYMENT/>
      <TEMPISVCHSUPPLFILLED/>
      <CURRPARTYLEDGERNAME/>
      <CURRBASICBUYERNAME/>
      <CURRPARTYNAME/>
      <CURRBUYERADDRESSTYPE/>
      <CURRPARTYADDRESSTYPE/>
      <CURRSTATENAME/>
      <CURRBASICPURCHASEORDERNO/>
      <CURRBASICSHIPDELIVERYNOTE/>
      <POSSTAXPARTYLEDGERNAME/>
      <ISCSTAGTFORMC/>
      <EIDEFAULTLED_ISUSERDEFINED/>
      <EIDEFAULTLED_CLASSNAME/>
      <EIDEFAULTLED_CLASSRATE>0</EIDEFAULTLED_CLASSRATE>
      <EIDEFAULTLED_CLASSADDLRATE>0</EIDEFAULTLED_CLASSADDLRATE>
      <TEMPVATCLASSIFICATION/>
      <ISATTDDATAPRESERVED/>
      <TEMPGSTEWAYBILLNUMBER/>
      <TEMPGSTEWAYBILLDATE/>
      <TEMPGSTEWAYSUBTYPE/>
      <TEMPGSTEWAYDOCUMENTTYPE/>
      <TEMPGSTEWAYSTATUS/>
      <TEMPGSTEWAYCONSIGNOR/>
      <TEMPGSTEWAYCONSIGNORADDRESS/>
      <TEMPGSTEWAYFROMPLACE/>
      <TEMPCONSIGNORPINCODENUMBER>0</TEMPCONSIGNORPINCODENUMBER>
      <TEMPGSTEWAYPINCODENUMBER>0</TEMPGSTEWAYPINCODENUMBER>
      <TEMPGSTEWAYPINCODE/>
      <TEMPGSTEWAYCONSIGNORTIN/>
      <TEMPGSTEWAYCONSIGNORSTATE/>
      <TEMPGSTEWAYCONSSHIPFROMSTATE/>
      <TEMPGSTEWAYCONSIGNEE/>
      <TEMPGSTEWAYCONSADDRESS/>
      <TEMPGSTEWAYCONSFROMPLACE/>
      <TEMPGSTEWAYCONSPINCODENUMBER>0</TEMPGSTEWAYCONSPINCODENUMBER>
      <TEMPCONSIGNEEPINCODENUMBER>0</TEMPCONSIGNEEPINCODENUMBER>
      <TEMPGSTEWAYCONSPINCODE/>
      <TEMPGSTEWAYCONSTIN/>
      <TEMPGSTEWAYCONSSTATE/>
      <TEMPGSTEWAYCONSSHIPTOSTATE/>
      <TEMPGSTEWAYTRANSPORTMODE/>
      <TEMPGSTEWAYDISTANCE>0</TEMPGSTEWAYDISTANCE>
      <TEMPGSTEWAYTRANSPORTERNAME/>
      <TEMPGSTEWAYVEHICLENUMBER/>
      <TEMPGSTEWAYTRANSPORTERID/>
      <TEMPGSTEWAYTRANSPORTERDOCNO/>
      <TEMPGSTEWAYTRANSPORTERDOCDATE/>
      <TEMPGSTEWAYVEHICLETYPE/>
      <TEMPGSTEWAYCONSBILLNUMBER/>
      <TEMPGSTEWAYCONSBILLDATE/>
      <TEMPISUSERDEFINEDCLASS/>
      <TEMPCLASSNATURE/>
      <TEMPGSTOVRDNINELIGIBLEITC/>
      <TEMPGSTOVRDNISREVCHARGEAPPL/>
      <TEMPGSTOVRDNTAXABILITY/>
      <TEMPGSTOVRDNISREVCHARGEAPPLSTR/>
      <TEMPGSTOVRDNINELIGIBLEITCSTR/>
      <TEMPGSTVCHDESTINATIONSTATE/>
      <TEMPGSTPARTYLEDLOCTYPE/>
      <TEMPGSTPARTYDEALERTYPE/>
      <TEMPGSTRISCOMMONPARTY/>
      <TEMPGSTRCOUNTRY/>
      <TEMPGSTRSTATE/>
      <TEMPGSTRTIN/>
      <TEMPGSTRDEALERTYPE/>
      <CURRGSTCOUNTRY/>
      <EWAYBILLDETAILS.LIST>      </EWAYBILLDETAILS.LIST>
      <EXCLUDEDTAXATIONS.LIST>      </EXCLUDEDTAXATIONS.LIST>
      <OLDAUDITENTRIES.LIST>      </OLDAUDITENTRIES.LIST>
      <ACCOUNTAUDITENTRIES.LIST>      </ACCOUNTAUDITENTRIES.LIST>
      <AUDITENTRIES.LIST>      </AUDITENTRIES.LIST>
      <DUTYHEADDETAILS.LIST>      </DUTYHEADDETAILS.LIST>
      <SUPPLEMENTARYDUTYHEADDETAILS.LIST>      </SUPPLEMENTARYDUTYHEADDETAILS.LIST>
      <IRNERRORLIST.LIST>      </IRNERRORLIST.LIST>
      <INVOICEDELNOTES.LIST>      </INVOICEDELNOTES.LIST>
      <INVOICEORDERLIST.LIST>      </INVOICEORDERLIST.LIST>
      <INVOICEINDENTLIST.LIST>      </INVOICEINDENTLIST.LIST>
      <ATTENDANCEENTRIES.LIST>      </ATTENDANCEENTRIES.LIST>
      <ORIGINVOICEDETAILS.LIST>      </ORIGINVOICEDETAILS.LIST>
      <INVOICEEXPORTLIST.LIST>      </INVOICEEXPORTLIST.LIST>
      <ALLLEDGERENTRIES.LIST>
       <OLDAUDITENTRYIDS.LIST TYPE="Number">
        <OLDAUDITENTRYIDS>-1</OLDAUDITENTRYIDS>
       </OLDAUDITENTRYIDS.LIST>
       <ORIGPURCHINVDATE/>
       <NARRATION/>
       <ADDLALLOCTYPE/>
       <TAXCLASSIFICATIONNAME/>
       <NOTIFICATIONSLNO/>
       <SWIFTCODE/>
       <ROUNDTYPE/>
       <LEDGERNAME>D K Ltd</LEDGERNAME>
       <TAXUNITNAME/>
       <STATNATURENAME/>
       <GOODSTYPE/>
       <METHODTYPE/>
       <CLASSRATE/>
       <STATCLASSIFICATIONNAME/>
       <EXCISECLASSIFICATIONNAME/>
       <ISZRBASICSERVICE/>
       <VATCOMMODITYNAME/>
       <SCHEDULE/>
       <SCHEDULESERIALNUMBER/>
       <VATCOMMODITYCODE/>
       <VATSUBCOMMODITYCODE/>
       <VATTRADENAME/>
       <VATMAJORCOMMODITYNAME/>
       <TDSPARTYNAME/>
       <VATPARTYORGNAME/>
       <XBRLADJTYPE/>
       <VOUCHERFBTCATEGORY/>
       <TYPEOFTAXPAYMENT/>
       <VATCALCULATIONTYPE/>
       <VATWORKSCONTRACTTYPE/>
       <VATWCDESCRIPTION/>
       <GSTCLASS/>
       <SCHVIADJTYPE/>
       <GSTOVRDNCLASSIFICATION/>
       <GSTOVRDNNATURE/>
       <GSTOVRDNINELIGIBLEITC/>
       <GSTOVRDNISREVCHARGEAPPL/>
       <GSTOVRDNTAXABILITY/>
       <GSTHSNSACCODE/>
       <VATGOODSNATURE/>
       <POSPAYMENTTYPE/>
       <GSTPARTYLEDGER/>
       <ORIGPURCHPARTY/>
       <ORIGPURCHPARTYADDRESS/>
       <ORIGPURCHINVNO/>
       <ORIGPURCHNOTE/>
       <ISDEEMEDPOSITIVE>No</ISDEEMEDPOSITIVE>
       <LEDGERFROMITEM>No</LEDGERFROMITEM>
       <REMOVEZEROENTRIES>No</REMOVEZEROENTRIES>
       <ISPARTYLEDGER>Yes</ISPARTYLEDGER>
       <ISLASTDEEMEDPOSITIVE>No</ISLASTDEEMEDPOSITIVE>
       <ISCAPVATTAXALTERED>No</ISCAPVATTAXALTERED>
       <ISCAPVATNOTCLAIMED>No</ISCAPVATNOTCLAIMED>
       <STCRADJPERCENT>0</STCRADJPERCENT>
       <ROUNDLIMIT>0</ROUNDLIMIT>
       <RATEOFADDLVAT>0</RATEOFADDLVAT>
       <RATEOFCESSONVAT>0</RATEOFCESSONVAT>
       <VATTAXRATE>0</VATTAXRATE>
       <VATITEMQTY>0</VATITEMQTY>
       <PREVINVTOTALNUM>0</PREVINVTOTALNUM>
       <VATWCDEDUCTIONRATE>0</VATWCDEDUCTIONRATE>
       <GSTTAXRATE>0</GSTTAXRATE>
       <ORIGINVGOODSQTY>0</ORIGINVGOODSQTY>
       <CAPVATTAXRATE>0</CAPVATTAXRATE>
       <AMOUNT>8.00</AMOUNT>
       <FBTEXEMPTAMOUNT/>
       <VATASSESSABLEVALUE/>
       <VATWCCOSTOFLAND/>
       <VATWCDEDLABOURCHARGES/>
       <VATWCOTHERDEDUCTIONAMT/>
       <VATWCVALUEOFTAXFREEGOODS/>
       <VATWCOTHERCHARGES/>
       <VATWCSUBCONTRACTORAMT/>
       <PREVAMOUNT/>
       <PREVINVTOTALAMT/>
       <VATWCDEDUCTIONAMOUNT/>
       <ORIGINVGOODSVALUE/>
       <CENVATCAPTINPUTAMT/>
       <GSTASSESSABLEVALUE/>
       <IGSTLIABILITY/>
       <CGSTLIABILITY/>
       <SGSTLIABILITY/>
       <GSTCESSLIABILITY/>
       <GSTOVRDNASSESSABLEVALUE/>
       <GSTASSBLVALUE/>
       <ORIGINVGOODSTAXVALUE/>
       <VATWCESTABLISHMENTCOST/>
       <VATWCCONTRACTORPROFIT/>
       <VATWCPLANNINGDESIGNFEES/>
       <VATWCMACHINERYTOOLSCHARGES/>
       <VATWCCONSUMABLESCOST/>
       <VATEXPAMOUNT/>
       <VATASSBLVALUE/>
       <VATACCEPTEDTAXAMT/>
       <VATACCEPTEDADDLTAXAMT/>
       <CASHRECEIVED/>
       <CAPVATASSEABLEVALUE/>
       <CAPVATTAXVALUE/>
       <ORIGPURCHVALUE/>
       <SUPPLYMARGVAL/>
       <DENOMINATIONCOUNT2000X>0</DENOMINATIONCOUNT2000X>
       <DENOMINATIONCOUNT1000X>0</DENOMINATIONCOUNT1000X>
       <DENOMINATIONCOUNT500X>0</DENOMINATIONCOUNT500X>
       <DENOMINATIONCOUNT200X>0</DENOMINATIONCOUNT200X>
       <DENOMINATIONCOUNT100X>0</DENOMINATIONCOUNT100X>
       <DENOMINATIONCOUNT50X>0</DENOMINATIONCOUNT50X>
       <DENOMINATIONCOUNT20X>0</DENOMINATIONCOUNT20X>
       <DENOMINATIONCOUNT10X>0</DENOMINATIONCOUNT10X>
       <DENOMINATIONCOUNT5X>0</DENOMINATIONCOUNT5X>
       <DENOMINATIONCOUNT2X>0</DENOMINATIONCOUNT2X>
       <DENOMINATIONCOUNT1X>0</DENOMINATIONCOUNT1X>
       <DENOMINATIONAMOUNTOTHERS/>
       <CURRPARTYLEDGERNAME/>
       <TEMPVATCLASSIFICATION/>
       <INVOICEROUNDINGDIFFVAL/>
       <VATGCCTAXAMOUNT/>
       <GSTCOMPDUTYAMOUNT/>
       <EXCISETEMPDUTYVAL/>
       <ISVATADJLEDGER/>
       <VATASSESMENTATE>0</VATASSESMENTATE>
       <GSTLEDGERDISCOUNT/>
       <GVATLEDGEREXCISE/>
       <GSTDUTYAMOUNT/>
       <RBVATTAXAMOUNT/>
       <SALESCESSTAXAMOUNT/>
       <SERVICETAXDETAILS.LIST>       </SERVICETAXDETAILS.LIST>
       <BANKALLOCATIONS.LIST>       </BANKALLOCATIONS.LIST>
       <BILLALLOCATIONS.LIST>       </BILLALLOCATIONS.LIST>
       <INTERESTCOLLECTION.LIST>       </INTERESTCOLLECTION.LIST>
       <OLDAUDITENTRIES.LIST>       </OLDAUDITENTRIES.LIST>
       <ACCOUNTAUDITENTRIES.LIST>       </ACCOUNTAUDITENTRIES.LIST>
       <AUDITENTRIES.LIST>       </AUDITENTRIES.LIST>
       <INPUTCRALLOCS.LIST>       </INPUTCRALLOCS.LIST>
       <DUTYHEADDETAILS.LIST>       </DUTYHEADDETAILS.LIST>
       <EXCISEDUTYHEADDETAILS.LIST>       </EXCISEDUTYHEADDETAILS.LIST>
       <RATEDETAILS.LIST>       </RATEDETAILS.LIST>
       <SUMMARYALLOCS.LIST>       </SUMMARYALLOCS.LIST>
       <STPYMTDETAILS.LIST>       </STPYMTDETAILS.LIST>
       <EXCISEPAYMENTALLOCATIONS.LIST>       </EXCISEPAYMENTALLOCATIONS.LIST>
       <TAXBILLALLOCATIONS.LIST>       </TAXBILLALLOCATIONS.LIST>
       <TAXOBJECTALLOCATIONS.LIST>       </TAXOBJECTALLOCATIONS.LIST>
       <TDSEXPENSEALLOCATIONS.LIST>       </TDSEXPENSEALLOCATIONS.LIST>
       <VATSTATUTORYDETAILS.LIST>       </VATSTATUTORYDETAILS.LIST>
       <COSTTRACKALLOCATIONS.LIST>       </COSTTRACKALLOCATIONS.LIST>
       <REFVOUCHERDETAILS.LIST>       </REFVOUCHERDETAILS.LIST>
       <INVOICEWISEDETAILS.LIST>       </INVOICEWISEDETAILS.LIST>
       <VATITCDETAILS.LIST>       </VATITCDETAILS.LIST>
       <ADVANCETAXDETAILS.LIST>       </ADVANCETAXDETAILS.LIST>
      </ALLLEDGERENTRIES.LIST>
      <ALLLEDGERENTRIES.LIST>
       <OLDAUDITENTRYIDS.LIST TYPE="Number">
        <OLDAUDITENTRYIDS>-1</OLDAUDITENTRYIDS>
       </OLDAUDITENTRYIDS.LIST>
       <ORIGPURCHINVDATE/>
       <NARRATION/>
       <ADDLALLOCTYPE/>
       <TAXCLASSIFICATIONNAME/>
       <NOTIFICATIONSLNO/>
       <SWIFTCODE/>
       <ROUNDTYPE/>
       <LEDGERNAME>CASH</LEDGERNAME>
       <TAXUNITNAME/>
       <STATNATURENAME/>
       <GOODSTYPE/>
       <METHODTYPE/>
       <CLASSRATE/>
       <STATCLASSIFICATIONNAME/>
       <EXCISECLASSIFICATIONNAME/>
       <ISZRBASICSERVICE/>
       <VATCOMMODITYNAME/>
       <SCHEDULE/>
       <SCHEDULESERIALNUMBER/>
       <VATCOMMODITYCODE/>
       <VATSUBCOMMODITYCODE/>
       <VATTRADENAME/>
       <VATMAJORCOMMODITYNAME/>
       <TDSPARTYNAME/>
       <VATPARTYORGNAME/>
       <XBRLADJTYPE/>
       <VOUCHERFBTCATEGORY/>
       <TYPEOFTAXPAYMENT/>
       <VATCALCULATIONTYPE/>
       <VATWORKSCONTRACTTYPE/>
       <VATWCDESCRIPTION/>
       <GSTCLASS/>
       <SCHVIADJTYPE/>
       <GSTOVRDNCLASSIFICATION/>
       <GSTOVRDNNATURE/>
       <GSTOVRDNINELIGIBLEITC/>
       <GSTOVRDNISREVCHARGEAPPL/>
       <GSTOVRDNTAXABILITY/>
       <GSTHSNSACCODE/>
       <VATGOODSNATURE/>
       <POSPAYMENTTYPE/>
       <GSTPARTYLEDGER/>
       <ORIGPURCHPARTY/>
       <ORIGPURCHPARTYADDRESS/>
       <ORIGPURCHINVNO/>
       <ORIGPURCHNOTE/>
       <ISDEEMEDPOSITIVE>Yes</ISDEEMEDPOSITIVE>
       <LEDGERFROMITEM>No</LEDGERFROMITEM>
       <REMOVEZEROENTRIES>No</REMOVEZEROENTRIES>
       <ISPARTYLEDGER>Yes</ISPARTYLEDGER>
       <ISLASTDEEMEDPOSITIVE>Yes</ISLASTDEEMEDPOSITIVE>
       <ISCAPVATTAXALTERED>No</ISCAPVATTAXALTERED>
       <ISCAPVATNOTCLAIMED>No</ISCAPVATNOTCLAIMED>
       <STCRADJPERCENT>0</STCRADJPERCENT>
       <ROUNDLIMIT>0</ROUNDLIMIT>
       <RATEOFADDLVAT>0</RATEOFADDLVAT>
       <RATEOFCESSONVAT>0</RATEOFCESSONVAT>
       <VATTAXRATE>0</VATTAXRATE>
       <VATITEMQTY>0</VATITEMQTY>
       <PREVINVTOTALNUM>0</PREVINVTOTALNUM>
       <VATWCDEDUCTIONRATE>0</VATWCDEDUCTIONRATE>
       <GSTTAXRATE>0</GSTTAXRATE>
       <ORIGINVGOODSQTY>0</ORIGINVGOODSQTY>
       <CAPVATTAXRATE>0</CAPVATTAXRATE>
       <AMOUNT>-8.00</AMOUNT>
       <FBTEXEMPTAMOUNT/>
       <VATASSESSABLEVALUE/>
       <VATWCCOSTOFLAND/>
       <VATWCDEDLABOURCHARGES/>
       <VATWCOTHERDEDUCTIONAMT/>
       <VATWCVALUEOFTAXFREEGOODS/>
       <VATWCOTHERCHARGES/>
       <VATWCSUBCONTRACTORAMT/>
       <PREVAMOUNT/>
       <PREVINVTOTALAMT/>
       <VATWCDEDUCTIONAMOUNT/>
       <ORIGINVGOODSVALUE/>
       <CENVATCAPTINPUTAMT/>
       <GSTASSESSABLEVALUE/>
       <IGSTLIABILITY/>
       <CGSTLIABILITY/>
       <SGSTLIABILITY/>
       <GSTCESSLIABILITY/>
       <GSTOVRDNASSESSABLEVALUE/>
       <GSTASSBLVALUE/>
       <ORIGINVGOODSTAXVALUE/>
       <VATWCESTABLISHMENTCOST/>
       <VATWCCONTRACTORPROFIT/>
       <VATWCPLANNINGDESIGNFEES/>
       <VATWCMACHINERYTOOLSCHARGES/>
       <VATWCCONSUMABLESCOST/>
       <VATEXPAMOUNT/>
       <VATASSBLVALUE/>
       <VATACCEPTEDTAXAMT/>
       <VATACCEPTEDADDLTAXAMT/>
       <CASHRECEIVED/>
       <CAPVATASSEABLEVALUE/>
       <CAPVATTAXVALUE/>
       <ORIGPURCHVALUE/>
       <SUPPLYMARGVAL/>
       <DENOMINATIONCOUNT2000X>0</DENOMINATIONCOUNT2000X>
       <DENOMINATIONCOUNT1000X>0</DENOMINATIONCOUNT1000X>
       <DENOMINATIONCOUNT500X>0</DENOMINATIONCOUNT500X>
       <DENOMINATIONCOUNT200X>0</DENOMINATIONCOUNT200X>
       <DENOMINATIONCOUNT100X>0</DENOMINATIONCOUNT100X>
       <DENOMINATIONCOUNT50X>0</DENOMINATIONCOUNT50X>
       <DENOMINATIONCOUNT20X>0</DENOMINATIONCOUNT20X>
       <DENOMINATIONCOUNT10X>0</DENOMINATIONCOUNT10X>
       <DENOMINATIONCOUNT5X>0</DENOMINATIONCOUNT5X>
       <DENOMINATIONCOUNT2X>0</DENOMINATIONCOUNT2X>
       <DENOMINATIONCOUNT1X>0</DENOMINATIONCOUNT1X>
       <DENOMINATIONAMOUNTOTHERS/>
       <CURRPARTYLEDGERNAME/>
       <TEMPVATCLASSIFICATION/>
       <INVOICEROUNDINGDIFFVAL/>
       <VATGCCTAXAMOUNT/>
       <GSTCOMPDUTYAMOUNT/>
       <EXCISETEMPDUTYVAL/>
       <ISVATADJLEDGER/>
       <VATASSESMENTATE>0</VATASSESMENTATE>
       <GSTLEDGERDISCOUNT/>
       <GVATLEDGEREXCISE/>
       <GSTDUTYAMOUNT/>
       <RBVATTAXAMOUNT/>
       <SALESCESSTAXAMOUNT/>
       <SERVICETAXDETAILS.LIST>       </SERVICETAXDETAILS.LIST>
       <BANKALLOCATIONS.LIST>       </BANKALLOCATIONS.LIST>
       <BILLALLOCATIONS.LIST>       </BILLALLOCATIONS.LIST>
       <INTERESTCOLLECTION.LIST>       </INTERESTCOLLECTION.LIST>
       <OLDAUDITENTRIES.LIST>       </OLDAUDITENTRIES.LIST>
       <ACCOUNTAUDITENTRIES.LIST>       </ACCOUNTAUDITENTRIES.LIST>
       <AUDITENTRIES.LIST>       </AUDITENTRIES.LIST>
       <INPUTCRALLOCS.LIST>       </INPUTCRALLOCS.LIST>
       <DUTYHEADDETAILS.LIST>       </DUTYHEADDETAILS.LIST>
       <EXCISEDUTYHEADDETAILS.LIST>       </EXCISEDUTYHEADDETAILS.LIST>
       <RATEDETAILS.LIST>       </RATEDETAILS.LIST>
       <SUMMARYALLOCS.LIST>       </SUMMARYALLOCS.LIST>
       <STPYMTDETAILS.LIST>       </STPYMTDETAILS.LIST>
       <EXCISEPAYMENTALLOCATIONS.LIST>       </EXCISEPAYMENTALLOCATIONS.LIST>
       <TAXBILLALLOCATIONS.LIST>       </TAXBILLALLOCATIONS.LIST>
       <TAXOBJECTALLOCATIONS.LIST>       </TAXOBJECTALLOCATIONS.LIST>
       <TDSEXPENSEALLOCATIONS.LIST>       </TDSEXPENSEALLOCATIONS.LIST>
       <VATSTATUTORYDETAILS.LIST>       </VATSTATUTORYDETAILS.LIST>
       <COSTTRACKALLOCATIONS.LIST>       </COSTTRACKALLOCATIONS.LIST>
       <REFVOUCHERDETAILS.LIST>       </REFVOUCHERDETAILS.LIST>
       <INVOICEWISEDETAILS.LIST>       </INVOICEWISEDETAILS.LIST>
       <VATITCDETAILS.LIST>       </VATITCDETAILS.LIST>
       <ADVANCETAXDETAILS.LIST>       </ADVANCETAXDETAILS.LIST>
      </ALLLEDGERENTRIES.LIST>
      <PAYROLLMODEOFPAYMENT.LIST>      </PAYROLLMODEOFPAYMENT.LIST>
      <ATTDRECORDS.LIST>      </ATTDRECORDS.LIST>
      <GSTEWAYCONSIGNORADDRESS.LIST>      </GSTEWAYCONSIGNORADDRESS.LIST>
      <GSTEWAYCONSIGNEEADDRESS.LIST>      </GSTEWAYCONSIGNEEADDRESS.LIST>
      <TEMPGSTRATEDETAILS.LIST>      </TEMPGSTRATEDETAILS.LIST>
     </VOUCHER>
    </TALLYMESSAGE>
    <TALLYMESSAGE xmlns:UDF="TallyUDF">
     <VOUCHER REMOTEID="0104ec5d-3a78-4045-b472-e46e6308b8a0-00000117" VCHKEY="0104ec5d-3a78-4045-b472-e46e6308b8a0-0000ad80:00000038" VCHTYPE="Receipt" ACTION="Create" OBJVIEW="Accounting Voucher View">
      <OLDAUDITENTRYIDS.LIST TYPE="Number">
       <OLDAUDITENTRYIDS>-1</OLDAUDITENTRYIDS>
      </OLDAUDITENTRYIDS.LIST>
      <ACTIVETO/>
      <ALTEREDON/>
      <DATE>20210809</DATE>
      <LUTDATEOFISSUE/>
      <LUTEXPIRYDATE/>
      <BONDDATEOFISSUE/>
      <BONDEXPIRYDATE/>
      <TAXCHEQUEDATE/>
      <TAXCHALLANDATE/>
      <REFERENCEDATE/>
      <SHIPPINGBILLDATE/>
      <BILLOFENTRYDATE/>
      <VATPARTYTRANSRETURNDATE/>
      <RECONCILATIONDATE/>
      <FORM16ISSUEDATE/>
      <CSTFORMISSUEDATE/>
      <CSTFORMRECVDATE/>
      <CERTIFICATEDATE/>
      <FBTFROMDATE/>
      <FBTTODATE/>
      <RETURNINVOICEDATE/>
      <AGGREMENTORDERDATE/>
      <GOODSRCPTDATE/>
      <LORRYRECPTDATE/>
      <TRANSSALELANDINGDATE/>
      <TRANSBUYERLANDINGDATE/>
      <CREDITLETTERDATE/>
      <AIRWAYBILLDATE/>
      <VATORDERDATE/>
      <INVDELIVERYDATE/>
      <BILLOFLADINGDATE/>
      <VATDEPOSITDATE/>
      <VATDOCUMENTDATE/>
      <VATCHALLANDATE/>
      <ECDATE/>
      <VATTDSDATE/>
      <ADJFROMDATE/>
      <ADJTODATE/>
      <VATDDCHEQUEDATE/>
      <TAXPAYPERIODFROMDATE/>
      <TAXPAYPERIODTODATE/>
      <STTAXCHALLANDATE/>
      <GSTCHALLANDATE/>
      <GSTCHALLANEXPIRYDATE/>
      <ADJPARTYINVOICEDATE/>
      <ADJPARTYPAYMENTDATE/>
      <PARTYORDERDATE/>
      <ADVANCERECEIPTDATE/>
      <REFUNDVOUCHERDATE/>
      <IRNACKDATE/>
      <IRNCANCELDATE/>
      <VATSUBMISSIONDATE/>
      <PARTYINVDATE/>
      <INSPDOCDATE/>
      <VATCANCINVDATE/>
      <VATGOODSRECEIPTDATE/>
      <VATCSTE1DATE/>
      <DISPATCHDATE/>
      <AUDITEDON/>
      <GUID>0104ec5d-3a78-4045-b472-e46e6308b8a0-00000117</GUID>
      <GSTREGISTRATIONTYPE/>
      <VATDEALERTYPE/>
      <STATENAME/>
      <PRICELEVEL/>
      <TDSNATUREOFPAYMENT/>
      <AUTOCOSTLEVEL/>
      <NARRATION/>
      <REQUESTORRULE/>
      <ALTEREDBY/>
      <COUNTRYOFRESIDENCE/>
      <IMPORTEREXPORTERCODE/>
      <PARTYGSTIN/>
      <NATUREOFSALES/>
      <EXCISENOTIFICATIONNO/>
      <PLACEOFSUPPLY/>
      <LUTNUMBER/>
      <BONDNUMBER/>
      <AUTHORITYNAME/>
      <AUTHORITYADDRESS/>
      <TAXUNITNAME/>
      <EXCISEUNITNAME/>
      <CLASSNAME/>
      <POSCARDLEDGER/>
      <POSCASHLEDGER/>
      <POSGIFTLEDGER/>
      <POSCHEQUELEDGER/>
      <EXCISECLASSIFICATIONNAME/>
      <TDSSECTIONNO/>
      <TDSDEDNSTATUS/>
      <TAXBANKCHALLANNUMBER/>
      <TAXCHALLANBSRCODE/>
      <TAXCHEQUENUMBER/>
      <TAXBANKNAME/>
      <TAXBANKBRANCHNAME/>
      <PARTYNAME/>
      <PARTYLEDGERNAME>CK Ltd</PARTYLEDGERNAME>
      <GSTACTIVITYSTATUS/>
      <TAXADJUSTMENT/>
      <BUYERADDRESSTYPE/>
      <PORTCODE/>
      <SHIPPINGBILLNO/>
      <BILLOFENTRYNO/>
      <VATPARTYTRANSRETURNNUMBER/>
      <URDORIGINALSALEVALUE/>
      <GSTNATUREOFRETURN/>
      <VOUCHERTYPENAME>Receipt</VOUCHERTYPENAME>
      <REFERENCE/>
      <VOUCHERNUMBER>7</VOUCHERNUMBER>
      <BASICBASEPARTYNAME/>
      <BASICVOUCHERCHEQUENAME/>
      <BASICVOUCHERCROSSCOMMENT/>
      <EXCHGCURRENCYNAME/>
      <SERIALMASTER/>
      <SERIALNUMBER/>
      <STATADJUSTMENTTYPE/>
      <STATPAYMENTTYPE/>
      <CONSIGNEEIECODE/>
      <SUPPLIERIECODE/>
      <ARESERIALMASTER/>
      <ARESERIALNUMBER/>
      <SUMAUTOVCHNUM/>
      <TAXBANKACCOUNTNUMBER/>
      <CSTFORMISSUETYPE/>
      <CSTFORMISSUENUMBER/>
      <CSTFORMRECVTYPE/>
      <CSTFORMRECVNUMBER/>
      <CONSIGNEECSTNUMBER/>
      <BUYERSCSTNUMBER/>
      <CSTFORMISSUESERIESNUM/>
      <CSTFORMRECVSERIESNUM/>
      <EXCISETREASURYNUMBER/>
      <EXCISETREASURYNAME/>
      <CERTIFICATETYPE/>
      <CERTIFICATENUMBER/>
      <AREFORMTYPE/>
      <DESTINATIONTAXUNIT/>
      <FBTPAYMENTTYPE>Default</FBTPAYMENTTYPE>
      <POSCARDNUMBER/>
      <POSCHEQUENUMBER/>
      <POSCHEQUEBANKNAME/>
      <CHALLANTYPE/>
      <CHEQUEDEPOSITORNAME/>
      <EXCISENOTIFICATIONSERIALNO/>
      <PERSISTEDVIEW>Accounting Voucher View</PERSISTEDVIEW>
      <EXCISETARIFFTYPE/>
      <CONSIGNEELBTREGNNO/>
      <CONSIGNEELBTZONE/>
      <SUPPLIERLBTREGNNO/>
      <SUPPLIERLBTZONE/>
      <LBTMAPPEDCATEGORY/>
      <LBTMAPPEDZONE/>
      <LBTNATUREOFLIABILITY/>
      <CASHPARTYPAN/>
      <CASHPARTYDEDTYPE/>
      <VCHTAXTYPE/>
      <PURPOSEOFPURCHASE/>
      <POINTOFTRANSACTION/>
      <TRANSPORTERNAME/>
      <TRANSPORTMODE/>
      <AGGREMENTORDERNO/>
      <FOREIGNSELLERNAME/>
      <EXPORTERCOUNTRY/>
      <GOODSVEHICLENUMBER/>
      <SHIPNAME/>
      <SHIPAGENTNAME/>
      <CLEARINGAGENTNAME/>
      <LORRYRECPTNO/>
      <CARRIERNAME/>
      <CREDITLETTERREF/>
      <AIRWAYBILLNO/>
      <FWDAGENTNAME/>
      <VATORDERNO/>
      <VATSELLERTIN/>
      <TRANSSOURCEPLACE/>
      <TRANSCATEGORY/>
      <VATDOCUMENTTYPE/>
      <VATTRANSBILLQTY/>
      <VATTRANSBILLNO/>
      <BILLOFLADINGNO/>
      <VATPAIDAGAINST/>
      <VATBANKNAME/>
      <VATBANKBRANCH/>
      <VATDDCHEQUENO/>
      <VATADJUSTMENTTYPE/>
      <VATFORMSTATUS/>
      <VATDOCUMENTNUMBER/>
      <VATSOURCESTATE/>
      <VATDESTINATIONSTATE/>
      <VATDESTINATIONPLACE/>
      <VATPARTYORGTYPE/>
      <VATPARTYTYPE/>
      <VATCHALLANNUMBER/>
      <VATDESIGOFPURCHASER/>
      <VATPURCHASERCPTTYPE/>
      <VATGOODSRCPTNO/>
      <VATPARTYORGNAME/>
      <AIRPORTNAME/>
      <TDNOFAWARDER/>
      <ECNUMBER/>
      <ECISSUINGAUTHORITY/>
      <CONTRACTORTIN/>
      <VATTDSBARCODE/>
      <VATPYMTMODEOFDEPOSIT/>
      <VATPYMTTAXDESC/>
      <VATBANKACCNUMBER/>
      <VATBRANCHCODE/>
      <VATTRANSSOURCE/>
      <VATADJADDLDETAILS/>
      <VATBRANCHNAME/>
      <PRIORITYSTATECONFLICT/>
      <EICHECKPOST/>
      <PORTNAME/>
      <VATEFORMAPPLICABLE/>
      <VATEFORMAPPLICABLENO/>
      <VATINCOURSEOF/>
      <VATDISPATCHTIME/>
      <VATTRANSPORTERADDRESS/>
      <VATCONTRACTEETDN/>
      <VATCONTRACTEEDISTRICT/>
      <VATCONTRACTEENAME/>
      <CONSUMERIDENTIFICATIONNUMBER/>
      <STTVCHRHANDLE/>
      <SRVTREGNUMBER/>
      <TAXPAYMENTTYPE/>
      <STTAXBANKCHALLANNUMBER/>
      <TYPEOFEXCISEVOUCHER/>
      <GSTBANKNAME/>
      <GSTBANKACCOUNTNUMBER/>
      <GSTBANKACCOUNTTYPE/>
      <GSTBANKACCOUNTHOLDER/>
      <GSTBANKBRANCHADDRESS/>
      <GSTBANKIFSCCODE/>
      <GSTBANKMICRCODE/>
      <GSTDEBITDOCNUMBER/>
      <GSTPYMTMODEOFDEPOSIT/>
      <GSTBANKBRANCHNAME/>
      <GSTINSTRUMENTNUMBER/>
      <GSTCHALLANNUMBER/>
      <GSTCPINNUMBER/>
      <GSTCINNUMBER/>
      <ADJPARTYGSTIN/>
      <ADJPARTYINVOICENO/>
      <GSTMERCHANTID/>
      <PARTYORDERNO/>
      <GSTITCREVERSALDETAILS/>
      <GSTITCDOCUMENTTYPE/>
      <GSTADDITIONALDETAILS/>
      <GSTRECONSTATUS/>
      <GSTREASONFORREJECTION/>
      <ADVANCERECEIPTNUMBER/>
      <REFUNDVOUCHERNUMBER/>
      <VCHTAXUNIT/>
      <CONSIGNEEGSTIN/>
      <IRNACKNO/>
      <IRN/>
      <IRNQRCODE/>
      <BILLTOPLACE/>
      <SHIPTOPLACE/>
      <DISPATCHFROMNAME/>
      <DISPATCHFROMADDRESSTYPE/>
      <DISPATCHFROMSTATENAME/>
      <DISPATCHFROMPINCODE/>
      <DISPATCHFROMPLACE/>
      <IRNCANCELREASON/>
      <IRNCANCELCODE/>
      <BASICSHIPPEDBY/>
      <BASICDESTINATIONCOUNTRY/>
      <BASICBUYERNAME/>
      <BASICPLACEOFRECEIPT/>
      <BASICSHIPDOCUMENTNO/>
      <BASICPORTOFLOADING/>
      <BASICPORTOFDISCHARGE/>
      <BASICFINALDESTINATION/>
      <BASICORDERREF/>
      <BASICSHIPVESSELNO/>
      <BASICBUYERSSALESTAXNO/>
      <BASICDUEDATEOFPYMT/>
      <BASICSERIALNUMINPLA/>
      <BASICDATETIMEOFINVOICE/>
      <BASICDATETIMEOFREMOVAL/>
      <PARTYADDRESSTYPE/>
      <MFGRADDRESSTYPE/>
      <TRANSPORTERADDRROOM/>
      <TRANSPORTERADDRBLDG/>
      <TRANSPORTERADDRROAD/>
      <TRANSPORTERADDRAREA/>
      <TRANSPORTERADDRTOWN/>
      <TRANSPORTERADDRDIST/>
      <TRANSPORTERADDRSTATE/>
      <TRANSPORTERADDRPINCODE/>
      <TRANSPORTERADDRPHONE/>
      <TRANSPORTERADDRFAX/>
      <TRANSPORTERVEHICLE2/>
      <TRANSPORTLOCALTIN/>
      <VATCFORMISSUESTATE/>
      <PLACEOFSUPPLYSTATE/>
      <PLACEOFSUPPLYCOUNTRY/>
      <EMIRATEPOS/>
      <PARTYMAILINGNAME/>
      <PARTYPINCODE/>
      <CONSIGNEEMAILINGNAME/>
      <CONSIGNEECOUNTRYNAME/>
      <VCHGSTCLASS/>
      <COSTCENTRENAME/>
      <ADDITIONALNARRATION/>
      <PARTYINVNO/>
      <INSPDOCNO/>
      <SETTLEMENTTYPE/>
      <VOUCHERTIME/>
      <HOLDREFERENCE/>
      <VATCANCINVNO/>
      <VATCANCPURCTIN/>
      <VATCANCPURCNAME/>
      <VATTYPEOFDEVICE/>
      <VATBRIEFDESCRIPTION/>
      <VATDEVICENO/>
      <BUYERPINNUMBER/>
      <VATEXPORTENTRYNO/>
      <CONSIGNEEPINNUMBER/>
      <VATEXEMPTCERTIFICATENO/>
      <VATVEHICLENUMBER/>
      <VATGOODSRECEIPTNUMBER/>
      <VATMOBILENUMBER/>
      <VATCSTE1SERIESNO/>
      <VATCSTE1SERIALNO/>
      <VATPERMITFORM/>
      <VATCERTIFICATENO/>
      <CONSIGNEECIRCLE/>
      <CONSIGNEECITY/>
      <CONSIGNEESTATENAME/>
      <CONSIGNEEPINCODE/>
      <CONSIGNEEMOBILENUMBER/>
      <CONSIGNEEOTHERS/>
      <CONSIGNEEMAIL/>
      <DELIVERYCITY/>
      <DELIVERYPINCODE/>
      <DELIVERYOTHERS/>
      <DELIVERYSTATE/>
      <DISPATCHCITY/>
      <DISPATCHPINCODE/>
      <DESTINATIONPERMITNUMBER/>
      <ENTRYCHECKPOSTLOCATION/>
      <EXITCHECKPOSTLOCATION/>
      <VATTDSDEDUCTORNAME/>
      <VCHENTRYMODE/>
      <ENTEREDBY/>
      <VOUCHERTYPEORIGNAME/>
      <DIFFACTUALQTY>No</DIFFACTUALQTY>
      <ISMSTFROMSYNC>No</ISMSTFROMSYNC>
      <ASORIGINAL>No</ASORIGINAL>
      <AUDITED>No</AUDITED>
      <FORJOBCOSTING>No</FORJOBCOSTING>
      <ISOPTIONAL>No</ISOPTIONAL>
      <EFFECTIVEDATE>20210809</EFFECTIVEDATE>
      <USEFOREXCISE>No</USEFOREXCISE>
      <ISFORJOBWORKIN>No</ISFORJOBWORKIN>
      <ALLOWCONSUMPTION>No</ALLOWCONSUMPTION>
      <USEFORINTEREST>No</USEFORINTEREST>
      <USEFORGAINLOSS>No</USEFORGAINLOSS>
      <USEFORGODOWNTRANSFER>No</USEFORGODOWNTRANSFER>
      <USEFORCOMPOUND>No</USEFORCOMPOUND>
      <USEFORSERVICETAX>No</USEFORSERVICETAX>
      <ISDELETED>No</ISDELETED>
      <ISONHOLD>No</ISONHOLD>
      <ISBOENOTAPPLICABLE>No</ISBOENOTAPPLICABLE>
      <ISEXCISEVOUCHER>No</ISEXCISEVOUCHER>
      <EXCISETAXOVERRIDE>No</EXCISETAXOVERRIDE>
      <USEFORTAXUNITTRANSFER>No</USEFORTAXUNITTRANSFER>
      <IGNOREPOSVALIDATION>No</IGNOREPOSVALIDATION>
      <EXCISEOPENING>No</EXCISEOPENING>
      <USEFORFINALPRODUCTION>No</USEFORFINALPRODUCTION>
      <ISTDSOVERRIDDEN>No</ISTDSOVERRIDDEN>
      <ISTCSOVERRIDDEN>No</ISTCSOVERRIDDEN>
      <ISTDSTCSCASHVCH>No</ISTDSTCSCASHVCH>
      <INCLUDEADVPYMTVCH>No</INCLUDEADVPYMTVCH>
      <ISSUBWORKSCONTRACT>No</ISSUBWORKSCONTRACT>
      <ISVATOVERRIDDEN>No</ISVATOVERRIDDEN>
      <IGNOREORIGVCHDATE>No</IGNOREORIGVCHDATE>
      <ISVATPAIDATCUSTOMS>No</ISVATPAIDATCUSTOMS>
      <ISDECLAREDTOCUSTOMS>No</ISDECLAREDTOCUSTOMS>
      <ISSERVICETAXOVERRIDDEN>No</ISSERVICETAXOVERRIDDEN>
      <ISISDVOUCHER>No</ISISDVOUCHER>
      <ISEXCISEOVERRIDDEN>No</ISEXCISEOVERRIDDEN>
      <ISEXCISESUPPLYVCH>No</ISEXCISESUPPLYVCH>
      <ISGSTOVERRIDDEN>No</ISGSTOVERRIDDEN>
      <GSTNOTEXPORTED>No</GSTNOTEXPORTED>
      <IGNOREGSTINVALIDATION>No</IGNOREGSTINVALIDATION>
      <ISGSTREFUND>No</ISGSTREFUND>
      <ISGSTSECSEVENAPPLICABLE>No</ISGSTSECSEVENAPPLICABLE>
      <ISVATPRINCIPALACCOUNT>No</ISVATPRINCIPALACCOUNT>
      <IGNOREEINVVALIDATION>No</IGNOREEINVVALIDATION>
      <IRNJSONEXPORTED>No</IRNJSONEXPORTED>
      <IRNCANCELLED>No</IRNCANCELLED>
      <ISSHIPPINGWITHINSTATE>No</ISSHIPPINGWITHINSTATE>
      <ISOVERSEASTOURISTTRANS>No</ISOVERSEASTOURISTTRANS>
      <ISDESIGNATEDZONEPARTY>No</ISDESIGNATEDZONEPARTY>
      <ISCANCELLED>No</ISCANCELLED>
      <HASCASHFLOW>Yes</HASCASHFLOW>
      <ISPOSTDATED>No</ISPOSTDATED>
      <USETRACKINGNUMBER>No</USETRACKINGNUMBER>
      <ISINVOICE>No</ISINVOICE>
      <MFGJOURNAL>No</MFGJOURNAL>
      <HASDISCOUNTS>No</HASDISCOUNTS>
      <ASPAYSLIP>No</ASPAYSLIP>
      <ISCOSTCENTRE>No</ISCOSTCENTRE>
      <ISSTXNONREALIZEDVCH>No</ISSTXNONREALIZEDVCH>
      <ISEXCISEMANUFACTURERON>No</ISEXCISEMANUFACTURERON>
      <ISBLANKCHEQUE>No</ISBLANKCHEQUE>
      <ISVOID>No</ISVOID>
      <ORDERLINESTATUS>No</ORDERLINESTATUS>
      <VATISAGNSTCANCSALES>No</VATISAGNSTCANCSALES>
      <VATISPURCEXEMPTED>No</VATISPURCEXEMPTED>
      <ISVATRESTAXINVOICE>No</ISVATRESTAXINVOICE>
      <VATISASSESABLECALCVCH>No</VATISASSESABLECALCVCH>
      <ISVATDUTYPAID>Yes</ISVATDUTYPAID>
      <ISDELIVERYSAMEASCONSIGNEE>No</ISDELIVERYSAMEASCONSIGNEE>
      <ISDISPATCHSAMEASCONSIGNOR>No</ISDISPATCHSAMEASCONSIGNOR>
      <ISDELETEDVCHRETAINED>No</ISDELETEDVCHRETAINED>
      <CHANGEVCHMODE>No</CHANGEVCHMODE>
      <RESETIRNQRCODE>No</RESETIRNQRCODE>
      <ALTERID> 502</ALTERID>
      <MASTERID> 279</MASTERID>
      <VOUCHERKEY>190765267419192</VOUCHERKEY>
      <ECFEERATE>0</ECFEERATE>
      <VATCONSIGNMENTNO>0</VATCONSIGNMENTNO>
      <QRCODECRC>0</QRCODECRC>
      <VATTDSRATE>0</VATTDSRATE>
      <BONDAMOUNT/>
      <POSCASHRECEIVED/>
      <CUSTOMDUTYPAID/>
      <VATPARTYITCCLAIMED/>
      <VATPARTYTAXLIABILITY/>
      <VALUEOFWORKSCONTRACT/>
      <ECFEEAMOUNT/>
      <ECFEEDEPOSITBYAWARDER/>
      <ECFEEDEPOSITBYCONTRACTOR/>
      <TDSDEDUCTED/>
      <VALUEOFSUBWORKSCONT/>
      <VATTDSAMT/>
      <ADJPARTYINVOICEVALUE/>
      <GSTINVASSESSABLEVALUE/>
      <VATGOODSVALUE/>
      <EXCHGRATE/>
      <PROCESSINGDURATION/>
      <TEMPGSTEWAYCONSIGNORADDRESSTYPE/>
      <TEMPGSTEWAYCONSIGNEEADDRESSTYPE/>
      <EIDEFAULTLED_ISZRBASICSERVICE/>
      <PREVBOMNAME/>
      <CURBOMNAME/>
      <COMMONNATUREOFPAYMENT/>
      <TEMPISVCHSUPPLFILLED/>
      <CURRPARTYLEDGERNAME/>
      <CURRBASICBUYERNAME/>
      <CURRPARTYNAME/>
      <CURRBUYERADDRESSTYPE/>
      <CURRPARTYADDRESSTYPE/>
      <CURRSTATENAME/>
      <CURRBASICPURCHASEORDERNO/>
      <CURRBASICSHIPDELIVERYNOTE/>
      <POSSTAXPARTYLEDGERNAME/>
      <ISCSTAGTFORMC/>
      <EIDEFAULTLED_ISUSERDEFINED/>
      <EIDEFAULTLED_CLASSNAME/>
      <EIDEFAULTLED_CLASSRATE>0</EIDEFAULTLED_CLASSRATE>
      <EIDEFAULTLED_CLASSADDLRATE>0</EIDEFAULTLED_CLASSADDLRATE>
      <TEMPVATCLASSIFICATION/>
      <ISATTDDATAPRESERVED/>
      <TEMPGSTEWAYBILLNUMBER/>
      <TEMPGSTEWAYBILLDATE/>
      <TEMPGSTEWAYSUBTYPE/>
      <TEMPGSTEWAYDOCUMENTTYPE/>
      <TEMPGSTEWAYSTATUS/>
      <TEMPGSTEWAYCONSIGNOR/>
      <TEMPGSTEWAYCONSIGNORADDRESS/>
      <TEMPGSTEWAYFROMPLACE/>
      <TEMPCONSIGNORPINCODENUMBER>0</TEMPCONSIGNORPINCODENUMBER>
      <TEMPGSTEWAYPINCODENUMBER>0</TEMPGSTEWAYPINCODENUMBER>
      <TEMPGSTEWAYPINCODE/>
      <TEMPGSTEWAYCONSIGNORTIN/>
      <TEMPGSTEWAYCONSIGNORSTATE/>
      <TEMPGSTEWAYCONSSHIPFROMSTATE/>
      <TEMPGSTEWAYCONSIGNEE/>
      <TEMPGSTEWAYCONSADDRESS/>
      <TEMPGSTEWAYCONSFROMPLACE/>
      <TEMPGSTEWAYCONSPINCODENUMBER>0</TEMPGSTEWAYCONSPINCODENUMBER>
      <TEMPCONSIGNEEPINCODENUMBER>0</TEMPCONSIGNEEPINCODENUMBER>
      <TEMPGSTEWAYCONSPINCODE/>
      <TEMPGSTEWAYCONSTIN/>
      <TEMPGSTEWAYCONSSTATE/>
      <TEMPGSTEWAYCONSSHIPTOSTATE/>
      <TEMPGSTEWAYTRANSPORTMODE/>
      <TEMPGSTEWAYDISTANCE>0</TEMPGSTEWAYDISTANCE>
      <TEMPGSTEWAYTRANSPORTERNAME/>
      <TEMPGSTEWAYVEHICLENUMBER/>
      <TEMPGSTEWAYTRANSPORTERID/>
      <TEMPGSTEWAYTRANSPORTERDOCNO/>
      <TEMPGSTEWAYTRANSPORTERDOCDATE/>
      <TEMPGSTEWAYVEHICLETYPE/>
      <TEMPGSTEWAYCONSBILLNUMBER/>
      <TEMPGSTEWAYCONSBILLDATE/>
      <TEMPISUSERDEFINEDCLASS/>
      <TEMPCLASSNATURE/>
      <TEMPGSTOVRDNINELIGIBLEITC/>
      <TEMPGSTOVRDNISREVCHARGEAPPL/>
      <TEMPGSTOVRDNTAXABILITY/>
      <TEMPGSTOVRDNISREVCHARGEAPPLSTR/>
      <TEMPGSTOVRDNINELIGIBLEITCSTR/>
      <TEMPGSTVCHDESTINATIONSTATE/>
      <TEMPGSTPARTYLEDLOCTYPE/>
      <TEMPGSTPARTYDEALERTYPE/>
      <TEMPGSTRISCOMMONPARTY/>
      <TEMPGSTRCOUNTRY/>
      <TEMPGSTRSTATE/>
      <TEMPGSTRTIN/>
      <TEMPGSTRDEALERTYPE/>
      <CURRGSTCOUNTRY/>
      <EWAYBILLDETAILS.LIST>      </EWAYBILLDETAILS.LIST>
      <EXCLUDEDTAXATIONS.LIST>      </EXCLUDEDTAXATIONS.LIST>
      <OLDAUDITENTRIES.LIST>      </OLDAUDITENTRIES.LIST>
      <ACCOUNTAUDITENTRIES.LIST>      </ACCOUNTAUDITENTRIES.LIST>
      <AUDITENTRIES.LIST>      </AUDITENTRIES.LIST>
      <DUTYHEADDETAILS.LIST>      </DUTYHEADDETAILS.LIST>
      <SUPPLEMENTARYDUTYHEADDETAILS.LIST>      </SUPPLEMENTARYDUTYHEADDETAILS.LIST>
      <IRNERRORLIST.LIST>      </IRNERRORLIST.LIST>
      <INVOICEDELNOTES.LIST>      </INVOICEDELNOTES.LIST>
      <INVOICEORDERLIST.LIST>      </INVOICEORDERLIST.LIST>
      <INVOICEINDENTLIST.LIST>      </INVOICEINDENTLIST.LIST>
      <ATTENDANCEENTRIES.LIST>      </ATTENDANCEENTRIES.LIST>
      <ORIGINVOICEDETAILS.LIST>      </ORIGINVOICEDETAILS.LIST>
      <INVOICEEXPORTLIST.LIST>      </INVOICEEXPORTLIST.LIST>
      <ALLLEDGERENTRIES.LIST>
       <OLDAUDITENTRYIDS.LIST TYPE="Number">
        <OLDAUDITENTRYIDS>-1</OLDAUDITENTRYIDS>
       </OLDAUDITENTRYIDS.LIST>
       <ORIGPURCHINVDATE/>
       <NARRATION/>
       <ADDLALLOCTYPE/>
       <TAXCLASSIFICATIONNAME/>
       <NOTIFICATIONSLNO/>
       <SWIFTCODE/>
       <ROUNDTYPE/>
       <LEDGERNAME>CK Ltd</LEDGERNAME>
       <TAXUNITNAME/>
       <STATNATURENAME/>
       <GOODSTYPE/>
       <METHODTYPE/>
       <CLASSRATE/>
       <STATCLASSIFICATIONNAME/>
       <EXCISECLASSIFICATIONNAME/>
       <ISZRBASICSERVICE/>
       <VATCOMMODITYNAME/>
       <SCHEDULE/>
       <SCHEDULESERIALNUMBER/>
       <VATCOMMODITYCODE/>
       <VATSUBCOMMODITYCODE/>
       <VATTRADENAME/>
       <VATMAJORCOMMODITYNAME/>
       <TDSPARTYNAME/>
       <VATPARTYORGNAME/>
       <XBRLADJTYPE/>
       <VOUCHERFBTCATEGORY/>
       <TYPEOFTAXPAYMENT/>
       <VATCALCULATIONTYPE/>
       <VATWORKSCONTRACTTYPE/>
       <VATWCDESCRIPTION/>
       <GSTCLASS/>
       <SCHVIADJTYPE/>
       <GSTOVRDNCLASSIFICATION/>
       <GSTOVRDNNATURE/>
       <GSTOVRDNINELIGIBLEITC/>
       <GSTOVRDNISREVCHARGEAPPL/>
       <GSTOVRDNTAXABILITY/>
       <GSTHSNSACCODE/>
       <VATGOODSNATURE/>
       <POSPAYMENTTYPE/>
       <GSTPARTYLEDGER/>
       <ORIGPURCHPARTY/>
       <ORIGPURCHPARTYADDRESS/>
       <ORIGPURCHINVNO/>
       <ORIGPURCHNOTE/>
       <ISDEEMEDPOSITIVE>No</ISDEEMEDPOSITIVE>
       <LEDGERFROMITEM>No</LEDGERFROMITEM>
       <REMOVEZEROENTRIES>No</REMOVEZEROENTRIES>
       <ISPARTYLEDGER>Yes</ISPARTYLEDGER>
       <ISLASTDEEMEDPOSITIVE>No</ISLASTDEEMEDPOSITIVE>
       <ISCAPVATTAXALTERED>No</ISCAPVATTAXALTERED>
       <ISCAPVATNOTCLAIMED>No</ISCAPVATNOTCLAIMED>
       <STCRADJPERCENT>0</STCRADJPERCENT>
       <ROUNDLIMIT>0</ROUNDLIMIT>
       <RATEOFADDLVAT>0</RATEOFADDLVAT>
       <RATEOFCESSONVAT>0</RATEOFCESSONVAT>
       <VATTAXRATE>0</VATTAXRATE>
       <VATITEMQTY>0</VATITEMQTY>
       <PREVINVTOTALNUM>0</PREVINVTOTALNUM>
       <VATWCDEDUCTIONRATE>0</VATWCDEDUCTIONRATE>
       <GSTTAXRATE>0</GSTTAXRATE>
       <ORIGINVGOODSQTY>0</ORIGINVGOODSQTY>
       <CAPVATTAXRATE>0</CAPVATTAXRATE>
       <AMOUNT>1000.00</AMOUNT>
       <FBTEXEMPTAMOUNT/>
       <VATASSESSABLEVALUE/>
       <VATWCCOSTOFLAND/>
       <VATWCDEDLABOURCHARGES/>
       <VATWCOTHERDEDUCTIONAMT/>
       <VATWCVALUEOFTAXFREEGOODS/>
       <VATWCOTHERCHARGES/>
       <VATWCSUBCONTRACTORAMT/>
       <PREVAMOUNT/>
       <PREVINVTOTALAMT/>
       <VATWCDEDUCTIONAMOUNT/>
       <ORIGINVGOODSVALUE/>
       <CENVATCAPTINPUTAMT/>
       <GSTASSESSABLEVALUE/>
       <IGSTLIABILITY/>
       <CGSTLIABILITY/>
       <SGSTLIABILITY/>
       <GSTCESSLIABILITY/>
       <GSTOVRDNASSESSABLEVALUE/>
       <GSTASSBLVALUE/>
       <ORIGINVGOODSTAXVALUE/>
       <VATWCESTABLISHMENTCOST/>
       <VATWCCONTRACTORPROFIT/>
       <VATWCPLANNINGDESIGNFEES/>
       <VATWCMACHINERYTOOLSCHARGES/>
       <VATWCCONSUMABLESCOST/>
       <VATEXPAMOUNT/>
       <VATASSBLVALUE/>
       <VATACCEPTEDTAXAMT/>
       <VATACCEPTEDADDLTAXAMT/>
       <CASHRECEIVED/>
       <CAPVATASSEABLEVALUE/>
       <CAPVATTAXVALUE/>
       <ORIGPURCHVALUE/>
       <SUPPLYMARGVAL/>
       <DENOMINATIONCOUNT2000X>0</DENOMINATIONCOUNT2000X>
       <DENOMINATIONCOUNT1000X>0</DENOMINATIONCOUNT1000X>
       <DENOMINATIONCOUNT500X>0</DENOMINATIONCOUNT500X>
       <DENOMINATIONCOUNT200X>0</DENOMINATIONCOUNT200X>
       <DENOMINATIONCOUNT100X>0</DENOMINATIONCOUNT100X>
       <DENOMINATIONCOUNT50X>0</DENOMINATIONCOUNT50X>
       <DENOMINATIONCOUNT20X>0</DENOMINATIONCOUNT20X>
       <DENOMINATIONCOUNT10X>0</DENOMINATIONCOUNT10X>
       <DENOMINATIONCOUNT5X>0</DENOMINATIONCOUNT5X>
       <DENOMINATIONCOUNT2X>0</DENOMINATIONCOUNT2X>
       <DENOMINATIONCOUNT1X>0</DENOMINATIONCOUNT1X>
       <DENOMINATIONAMOUNTOTHERS/>
       <CURRPARTYLEDGERNAME/>
       <TEMPVATCLASSIFICATION/>
       <INVOICEROUNDINGDIFFVAL/>
       <VATGCCTAXAMOUNT/>
       <GSTCOMPDUTYAMOUNT/>
       <EXCISETEMPDUTYVAL/>
       <ISVATADJLEDGER/>
       <VATASSESMENTATE>0</VATASSESMENTATE>
       <GSTLEDGERDISCOUNT/>
       <GVATLEDGEREXCISE/>
       <GSTDUTYAMOUNT/>
       <RBVATTAXAMOUNT/>
       <SALESCESSTAXAMOUNT/>
       <SERVICETAXDETAILS.LIST>       </SERVICETAXDETAILS.LIST>
       <BANKALLOCATIONS.LIST>       </BANKALLOCATIONS.LIST>
       <BILLALLOCATIONS.LIST>
        <YEAREND/>
        <NAME>7</NAME>
        <BILLCREDITPERIOD JD="44416" P="30 Days">30 Days</BILLCREDITPERIOD>
        <TDSDEDUCTEESECTIONNUMBER/>
        <TDSLEDGERNC/>
        <SERVICETAXLEDGER/>
        <BILLTYPE>New Ref</BILLTYPE>
        <SUMNAME/>
        <TDSDEDUCTEEISSPECIALRATE>No</TDSDEDUCTEEISSPECIALRATE>
        <TDSDEDUCTEESPECIALRATE>0</TDSDEDUCTEESPECIALRATE>
        <AMOUNT>1000.00</AMOUNT>
        <INTERESTCOLLECTION.LIST>        </INTERESTCOLLECTION.LIST>
        <STBILLCATEGORIES.LIST>        </STBILLCATEGORIES.LIST>
       </BILLALLOCATIONS.LIST>
       <INTERESTCOLLECTION.LIST>       </INTERESTCOLLECTION.LIST>
       <OLDAUDITENTRIES.LIST>       </OLDAUDITENTRIES.LIST>
       <ACCOUNTAUDITENTRIES.LIST>       </ACCOUNTAUDITENTRIES.LIST>
       <AUDITENTRIES.LIST>       </AUDITENTRIES.LIST>
       <INPUTCRALLOCS.LIST>       </INPUTCRALLOCS.LIST>
       <DUTYHEADDETAILS.LIST>       </DUTYHEADDETAILS.LIST>
       <EXCISEDUTYHEADDETAILS.LIST>       </EXCISEDUTYHEADDETAILS.LIST>
       <RATEDETAILS.LIST>       </RATEDETAILS.LIST>
       <SUMMARYALLOCS.LIST>       </SUMMARYALLOCS.LIST>
       <STPYMTDETAILS.LIST>       </STPYMTDETAILS.LIST>
       <EXCISEPAYMENTALLOCATIONS.LIST>       </EXCISEPAYMENTALLOCATIONS.LIST>
       <TAXBILLALLOCATIONS.LIST>       </TAXBILLALLOCATIONS.LIST>
       <TAXOBJECTALLOCATIONS.LIST>       </TAXOBJECTALLOCATIONS.LIST>
       <TDSEXPENSEALLOCATIONS.LIST>       </TDSEXPENSEALLOCATIONS.LIST>
       <VATSTATUTORYDETAILS.LIST>       </VATSTATUTORYDETAILS.LIST>
       <COSTTRACKALLOCATIONS.LIST>       </COSTTRACKALLOCATIONS.LIST>
       <REFVOUCHERDETAILS.LIST>       </REFVOUCHERDETAILS.LIST>
       <INVOICEWISEDETAILS.LIST>       </INVOICEWISEDETAILS.LIST>
       <VATITCDETAILS.LIST>       </VATITCDETAILS.LIST>
       <ADVANCETAXDETAILS.LIST>       </ADVANCETAXDETAILS.LIST>
      </ALLLEDGERENTRIES.LIST>
      <ALLLEDGERENTRIES.LIST>
       <OLDAUDITENTRYIDS.LIST TYPE="Number">
        <OLDAUDITENTRYIDS>-1</OLDAUDITENTRYIDS>
       </OLDAUDITENTRYIDS.LIST>
       <ORIGPURCHINVDATE/>
       <NARRATION/>
       <ADDLALLOCTYPE/>
       <TAXCLASSIFICATIONNAME/>
       <NOTIFICATIONSLNO/>
       <SWIFTCODE/>
       <ROUNDTYPE/>
       <LEDGERNAME>CASH</LEDGERNAME>
       <TAXUNITNAME/>
       <STATNATURENAME/>
       <GOODSTYPE/>
       <METHODTYPE/>
       <CLASSRATE/>
       <STATCLASSIFICATIONNAME/>
       <EXCISECLASSIFICATIONNAME/>
       <ISZRBASICSERVICE/>
       <VATCOMMODITYNAME/>
       <SCHEDULE/>
       <SCHEDULESERIALNUMBER/>
       <VATCOMMODITYCODE/>
       <VATSUBCOMMODITYCODE/>
       <VATTRADENAME/>
       <VATMAJORCOMMODITYNAME/>
       <TDSPARTYNAME/>
       <VATPARTYORGNAME/>
       <XBRLADJTYPE/>
       <VOUCHERFBTCATEGORY/>
       <TYPEOFTAXPAYMENT/>
       <VATCALCULATIONTYPE/>
       <VATWORKSCONTRACTTYPE/>
       <VATWCDESCRIPTION/>
       <GSTCLASS/>
       <SCHVIADJTYPE/>
       <GSTOVRDNCLASSIFICATION/>
       <GSTOVRDNNATURE/>
       <GSTOVRDNINELIGIBLEITC/>
       <GSTOVRDNISREVCHARGEAPPL/>
       <GSTOVRDNTAXABILITY/>
       <GSTHSNSACCODE/>
       <VATGOODSNATURE/>
       <POSPAYMENTTYPE/>
       <GSTPARTYLEDGER/>
       <ORIGPURCHPARTY/>
       <ORIGPURCHPARTYADDRESS/>
       <ORIGPURCHINVNO/>
       <ORIGPURCHNOTE/>
       <ISDEEMEDPOSITIVE>Yes</ISDEEMEDPOSITIVE>
       <LEDGERFROMITEM>No</LEDGERFROMITEM>
       <REMOVEZEROENTRIES>No</REMOVEZEROENTRIES>
       <ISPARTYLEDGER>Yes</ISPARTYLEDGER>
       <ISLASTDEEMEDPOSITIVE>Yes</ISLASTDEEMEDPOSITIVE>
       <ISCAPVATTAXALTERED>No</ISCAPVATTAXALTERED>
       <ISCAPVATNOTCLAIMED>No</ISCAPVATNOTCLAIMED>
       <STCRADJPERCENT>0</STCRADJPERCENT>
       <ROUNDLIMIT>0</ROUNDLIMIT>
       <RATEOFADDLVAT>0</RATEOFADDLVAT>
       <RATEOFCESSONVAT>0</RATEOFCESSONVAT>
       <VATTAXRATE>0</VATTAXRATE>
       <VATITEMQTY>0</VATITEMQTY>
       <PREVINVTOTALNUM>0</PREVINVTOTALNUM>
       <VATWCDEDUCTIONRATE>0</VATWCDEDUCTIONRATE>
       <GSTTAXRATE>0</GSTTAXRATE>
       <ORIGINVGOODSQTY>0</ORIGINVGOODSQTY>
       <CAPVATTAXRATE>0</CAPVATTAXRATE>
       <AMOUNT>-1000.00</AMOUNT>
       <FBTEXEMPTAMOUNT/>
       <VATASSESSABLEVALUE/>
       <VATWCCOSTOFLAND/>
       <VATWCDEDLABOURCHARGES/>
       <VATWCOTHERDEDUCTIONAMT/>
       <VATWCVALUEOFTAXFREEGOODS/>
       <VATWCOTHERCHARGES/>
       <VATWCSUBCONTRACTORAMT/>
       <PREVAMOUNT/>
       <PREVINVTOTALAMT/>
       <VATWCDEDUCTIONAMOUNT/>
       <ORIGINVGOODSVALUE/>
       <CENVATCAPTINPUTAMT/>
       <GSTASSESSABLEVALUE/>
       <IGSTLIABILITY/>
       <CGSTLIABILITY/>
       <SGSTLIABILITY/>
       <GSTCESSLIABILITY/>
       <GSTOVRDNASSESSABLEVALUE/>
       <GSTASSBLVALUE/>
       <ORIGINVGOODSTAXVALUE/>
       <VATWCESTABLISHMENTCOST/>
       <VATWCCONTRACTORPROFIT/>
       <VATWCPLANNINGDESIGNFEES/>
       <VATWCMACHINERYTOOLSCHARGES/>
       <VATWCCONSUMABLESCOST/>
       <VATEXPAMOUNT/>
       <VATASSBLVALUE/>
       <VATACCEPTEDTAXAMT/>
       <VATACCEPTEDADDLTAXAMT/>
       <CASHRECEIVED/>
       <CAPVATASSEABLEVALUE/>
       <CAPVATTAXVALUE/>
       <ORIGPURCHVALUE/>
       <SUPPLYMARGVAL/>
       <DENOMINATIONCOUNT2000X>0</DENOMINATIONCOUNT2000X>
       <DENOMINATIONCOUNT1000X>0</DENOMINATIONCOUNT1000X>
       <DENOMINATIONCOUNT500X>0</DENOMINATIONCOUNT500X>
       <DENOMINATIONCOUNT200X>0</DENOMINATIONCOUNT200X>
       <DENOMINATIONCOUNT100X>0</DENOMINATIONCOUNT100X>
       <DENOMINATIONCOUNT50X>0</DENOMINATIONCOUNT50X>
       <DENOMINATIONCOUNT20X>0</DENOMINATIONCOUNT20X>
       <DENOMINATIONCOUNT10X>0</DENOMINATIONCOUNT10X>
       <DENOMINATIONCOUNT5X>0</DENOMINATIONCOUNT5X>
       <DENOMINATIONCOUNT2X>0</DENOMINATIONCOUNT2X>
       <DENOMINATIONCOUNT1X>0</DENOMINATIONCOUNT1X>
       <DENOMINATIONAMOUNTOTHERS/>
       <CURRPARTYLEDGERNAME/>
       <TEMPVATCLASSIFICATION/>
       <INVOICEROUNDINGDIFFVAL/>
       <VATGCCTAXAMOUNT/>
       <GSTCOMPDUTYAMOUNT/>
       <EXCISETEMPDUTYVAL/>
       <ISVATADJLEDGER/>
       <VATASSESMENTATE>0</VATASSESMENTATE>
       <GSTLEDGERDISCOUNT/>
       <GVATLEDGEREXCISE/>
       <GSTDUTYAMOUNT/>
       <RBVATTAXAMOUNT/>
       <SALESCESSTAXAMOUNT/>
       <SERVICETAXDETAILS.LIST>       </SERVICETAXDETAILS.LIST>
       <BANKALLOCATIONS.LIST>       </BANKALLOCATIONS.LIST>
       <BILLALLOCATIONS.LIST>       </BILLALLOCATIONS.LIST>
       <INTERESTCOLLECTION.LIST>       </INTERESTCOLLECTION.LIST>
       <OLDAUDITENTRIES.LIST>       </OLDAUDITENTRIES.LIST>
       <ACCOUNTAUDITENTRIES.LIST>       </ACCOUNTAUDITENTRIES.LIST>
       <AUDITENTRIES.LIST>       </AUDITENTRIES.LIST>
       <INPUTCRALLOCS.LIST>       </INPUTCRALLOCS.LIST>
       <DUTYHEADDETAILS.LIST>       </DUTYHEADDETAILS.LIST>
       <EXCISEDUTYHEADDETAILS.LIST>       </EXCISEDUTYHEADDETAILS.LIST>
       <RATEDETAILS.LIST>       </RATEDETAILS.LIST>
       <SUMMARYALLOCS.LIST>       </SUMMARYALLOCS.LIST>
       <STPYMTDETAILS.LIST>       </STPYMTDETAILS.LIST>
       <EXCISEPAYMENTALLOCATIONS.LIST>       </EXCISEPAYMENTALLOCATIONS.LIST>
       <TAXBILLALLOCATIONS.LIST>       </TAXBILLALLOCATIONS.LIST>
       <TAXOBJECTALLOCATIONS.LIST>       </TAXOBJECTALLOCATIONS.LIST>
       <TDSEXPENSEALLOCATIONS.LIST>       </TDSEXPENSEALLOCATIONS.LIST>
       <VATSTATUTORYDETAILS.LIST>       </VATSTATUTORYDETAILS.LIST>
       <COSTTRACKALLOCATIONS.LIST>       </COSTTRACKALLOCATIONS.LIST>
       <REFVOUCHERDETAILS.LIST>       </REFVOUCHERDETAILS.LIST>
       <INVOICEWISEDETAILS.LIST>       </INVOICEWISEDETAILS.LIST>
       <VATITCDETAILS.LIST>       </VATITCDETAILS.LIST>
       <ADVANCETAXDETAILS.LIST>       </ADVANCETAXDETAILS.LIST>
      </ALLLEDGERENTRIES.LIST>
      <PAYROLLMODEOFPAYMENT.LIST>      </PAYROLLMODEOFPAYMENT.LIST>
      <ATTDRECORDS.LIST>      </ATTDRECORDS.LIST>
      <GSTEWAYCONSIGNORADDRESS.LIST>      </GSTEWAYCONSIGNORADDRESS.LIST>
      <GSTEWAYCONSIGNEEADDRESS.LIST>      </GSTEWAYCONSIGNEEADDRESS.LIST>
      <TEMPGSTRATEDETAILS.LIST>      </TEMPGSTRATEDETAILS.LIST>
     </VOUCHER>
    </TALLYMESSAGE>
    <TALLYMESSAGE xmlns:UDF="TallyUDF">
     <VOUCHER REMOTEID="0104ec5d-3a78-4045-b472-e46e6308b8a0-0000013f" VCHKEY="0104ec5d-3a78-4045-b472-e46e6308b8a0-0000ad81:00000048" VCHTYPE="Receipt" ACTION="Create" OBJVIEW="Accounting Voucher View">
      <OLDAUDITENTRYIDS.LIST TYPE="Number">
       <OLDAUDITENTRYIDS>-1</OLDAUDITENTRYIDS>
      </OLDAUDITENTRYIDS.LIST>
      <ACTIVETO/>
      <ALTEREDON/>
      <DATE>20210810</DATE>
      <LUTDATEOFISSUE/>
      <LUTEXPIRYDATE/>
      <BONDDATEOFISSUE/>
      <BONDEXPIRYDATE/>
      <TAXCHEQUEDATE/>
      <TAXCHALLANDATE/>
      <REFERENCEDATE/>
      <SHIPPINGBILLDATE/>
      <BILLOFENTRYDATE/>
      <VATPARTYTRANSRETURNDATE/>
      <RECONCILATIONDATE/>
      <FORM16ISSUEDATE/>
      <CSTFORMISSUEDATE/>
      <CSTFORMRECVDATE/>
      <CERTIFICATEDATE/>
      <FBTFROMDATE/>
      <FBTTODATE/>
      <RETURNINVOICEDATE/>
      <AGGREMENTORDERDATE/>
      <GOODSRCPTDATE/>
      <LORRYRECPTDATE/>
      <TRANSSALELANDINGDATE/>
      <TRANSBUYERLANDINGDATE/>
      <CREDITLETTERDATE/>
      <AIRWAYBILLDATE/>
      <VATORDERDATE/>
      <INVDELIVERYDATE/>
      <BILLOFLADINGDATE/>
      <VATDEPOSITDATE/>
      <VATDOCUMENTDATE/>
      <VATCHALLANDATE/>
      <ECDATE/>
      <VATTDSDATE/>
      <ADJFROMDATE/>
      <ADJTODATE/>
      <VATDDCHEQUEDATE/>
      <TAXPAYPERIODFROMDATE/>
      <TAXPAYPERIODTODATE/>
      <STTAXCHALLANDATE/>
      <GSTCHALLANDATE/>
      <GSTCHALLANEXPIRYDATE/>
      <ADJPARTYINVOICEDATE/>
      <ADJPARTYPAYMENTDATE/>
      <PARTYORDERDATE/>
      <ADVANCERECEIPTDATE/>
      <REFUNDVOUCHERDATE/>
      <IRNACKDATE/>
      <IRNCANCELDATE/>
      <VATSUBMISSIONDATE/>
      <PARTYINVDATE/>
      <INSPDOCDATE/>
      <VATCANCINVDATE/>
      <VATGOODSRECEIPTDATE/>
      <VATCSTE1DATE/>
      <DISPATCHDATE/>
      <AUDITEDON/>
      <GUID>0104ec5d-3a78-4045-b472-e46e6308b8a0-0000013f</GUID>
      <GSTREGISTRATIONTYPE/>
      <VATDEALERTYPE/>
      <STATENAME/>
      <PRICELEVEL/>
      <TDSNATUREOFPAYMENT/>
      <AUTOCOSTLEVEL/>
      <NARRATION/>
      <REQUESTORRULE/>
      <ALTEREDBY/>
      <COUNTRYOFRESIDENCE/>
      <IMPORTEREXPORTERCODE/>
      <PARTYGSTIN/>
      <NATUREOFSALES/>
      <EXCISENOTIFICATIONNO/>
      <PLACEOFSUPPLY/>
      <LUTNUMBER/>
      <BONDNUMBER/>
      <AUTHORITYNAME/>
      <AUTHORITYADDRESS/>
      <TAXUNITNAME/>
      <EXCISEUNITNAME/>
      <CLASSNAME/>
      <POSCARDLEDGER/>
      <POSCASHLEDGER/>
      <POSGIFTLEDGER/>
      <POSCHEQUELEDGER/>
      <EXCISECLASSIFICATIONNAME/>
      <TDSSECTIONNO/>
      <TDSDEDNSTATUS/>
      <TAXBANKCHALLANNUMBER/>
      <TAXCHALLANBSRCODE/>
      <TAXCHEQUENUMBER/>
      <TAXBANKNAME/>
      <TAXBANKBRANCHNAME/>
      <PARTYNAME/>
      <PARTYLEDGERNAME>D K Ltd</PARTYLEDGERNAME>
      <GSTACTIVITYSTATUS/>
      <TAXADJUSTMENT/>
      <BUYERADDRESSTYPE/>
      <PORTCODE/>
      <SHIPPINGBILLNO/>
      <BILLOFENTRYNO/>
      <VATPARTYTRANSRETURNNUMBER/>
      <URDORIGINALSALEVALUE/>
      <GSTNATUREOFRETURN/>
      <VOUCHERTYPENAME>Receipt</VOUCHERTYPENAME>
      <REFERENCE/>
      <VOUCHERNUMBER>8</VOUCHERNUMBER>
      <BASICBASEPARTYNAME/>
      <BASICVOUCHERCHEQUENAME/>
      <BASICVOUCHERCROSSCOMMENT/>
      <EXCHGCURRENCYNAME/>
      <SERIALMASTER/>
      <SERIALNUMBER/>
      <STATADJUSTMENTTYPE/>
      <STATPAYMENTTYPE/>
      <CONSIGNEEIECODE/>
      <SUPPLIERIECODE/>
      <ARESERIALMASTER/>
      <ARESERIALNUMBER/>
      <SUMAUTOVCHNUM/>
      <TAXBANKACCOUNTNUMBER/>
      <CSTFORMISSUETYPE/>
      <CSTFORMISSUENUMBER/>
      <CSTFORMRECVTYPE/>
      <CSTFORMRECVNUMBER/>
      <CONSIGNEECSTNUMBER/>
      <BUYERSCSTNUMBER/>
      <CSTFORMISSUESERIESNUM/>
      <CSTFORMRECVSERIESNUM/>
      <EXCISETREASURYNUMBER/>
      <EXCISETREASURYNAME/>
      <CERTIFICATETYPE/>
      <CERTIFICATENUMBER/>
      <AREFORMTYPE/>
      <DESTINATIONTAXUNIT/>
      <FBTPAYMENTTYPE>Default</FBTPAYMENTTYPE>
      <POSCARDNUMBER/>
      <POSCHEQUENUMBER/>
      <POSCHEQUEBANKNAME/>
      <CHALLANTYPE/>
      <CHEQUEDEPOSITORNAME/>
      <EXCISENOTIFICATIONSERIALNO/>
      <PERSISTEDVIEW>Accounting Voucher View</PERSISTEDVIEW>
      <EXCISETARIFFTYPE/>
      <CONSIGNEELBTREGNNO/>
      <CONSIGNEELBTZONE/>
      <SUPPLIERLBTREGNNO/>
      <SUPPLIERLBTZONE/>
      <LBTMAPPEDCATEGORY/>
      <LBTMAPPEDZONE/>
      <LBTNATUREOFLIABILITY/>
      <CASHPARTYPAN/>
      <CASHPARTYDEDTYPE/>
      <VCHTAXTYPE/>
      <PURPOSEOFPURCHASE/>
      <POINTOFTRANSACTION/>
      <TRANSPORTERNAME/>
      <TRANSPORTMODE/>
      <AGGREMENTORDERNO/>
      <FOREIGNSELLERNAME/>
      <EXPORTERCOUNTRY/>
      <GOODSVEHICLENUMBER/>
      <SHIPNAME/>
      <SHIPAGENTNAME/>
      <CLEARINGAGENTNAME/>
      <LORRYRECPTNO/>
      <CARRIERNAME/>
      <CREDITLETTERREF/>
      <AIRWAYBILLNO/>
      <FWDAGENTNAME/>
      <VATORDERNO/>
      <VATSELLERTIN/>
      <TRANSSOURCEPLACE/>
      <TRANSCATEGORY/>
      <VATDOCUMENTTYPE/>
      <VATTRANSBILLQTY/>
      <VATTRANSBILLNO/>
      <BILLOFLADINGNO/>
      <VATPAIDAGAINST/>
      <VATBANKNAME/>
      <VATBANKBRANCH/>
      <VATDDCHEQUENO/>
      <VATADJUSTMENTTYPE/>
      <VATFORMSTATUS/>
      <VATDOCUMENTNUMBER/>
      <VATSOURCESTATE/>
      <VATDESTINATIONSTATE/>
      <VATDESTINATIONPLACE/>
      <VATPARTYORGTYPE/>
      <VATPARTYTYPE/>
      <VATCHALLANNUMBER/>
      <VATDESIGOFPURCHASER/>
      <VATPURCHASERCPTTYPE/>
      <VATGOODSRCPTNO/>
      <VATPARTYORGNAME/>
      <AIRPORTNAME/>
      <TDNOFAWARDER/>
      <ECNUMBER/>
      <ECISSUINGAUTHORITY/>
      <CONTRACTORTIN/>
      <VATTDSBARCODE/>
      <VATPYMTMODEOFDEPOSIT/>
      <VATPYMTTAXDESC/>
      <VATBANKACCNUMBER/>
      <VATBRANCHCODE/>
      <VATTRANSSOURCE/>
      <VATADJADDLDETAILS/>
      <VATBRANCHNAME/>
      <PRIORITYSTATECONFLICT/>
      <EICHECKPOST/>
      <PORTNAME/>
      <VATEFORMAPPLICABLE/>
      <VATEFORMAPPLICABLENO/>
      <VATINCOURSEOF/>
      <VATDISPATCHTIME/>
      <VATTRANSPORTERADDRESS/>
      <VATCONTRACTEETDN/>
      <VATCONTRACTEEDISTRICT/>
      <VATCONTRACTEENAME/>
      <CONSUMERIDENTIFICATIONNUMBER/>
      <STTVCHRHANDLE/>
      <SRVTREGNUMBER/>
      <TAXPAYMENTTYPE/>
      <STTAXBANKCHALLANNUMBER/>
      <TYPEOFEXCISEVOUCHER/>
      <GSTBANKNAME/>
      <GSTBANKACCOUNTNUMBER/>
      <GSTBANKACCOUNTTYPE/>
      <GSTBANKACCOUNTHOLDER/>
      <GSTBANKBRANCHADDRESS/>
      <GSTBANKIFSCCODE/>
      <GSTBANKMICRCODE/>
      <GSTDEBITDOCNUMBER/>
      <GSTPYMTMODEOFDEPOSIT/>
      <GSTBANKBRANCHNAME/>
      <GSTINSTRUMENTNUMBER/>
      <GSTCHALLANNUMBER/>
      <GSTCPINNUMBER/>
      <GSTCINNUMBER/>
      <ADJPARTYGSTIN/>
      <ADJPARTYINVOICENO/>
      <GSTMERCHANTID/>
      <PARTYORDERNO/>
      <GSTITCREVERSALDETAILS/>
      <GSTITCDOCUMENTTYPE/>
      <GSTADDITIONALDETAILS/>
      <GSTRECONSTATUS/>
      <GSTREASONFORREJECTION/>
      <ADVANCERECEIPTNUMBER/>
      <REFUNDVOUCHERNUMBER/>
      <VCHTAXUNIT/>
      <CONSIGNEEGSTIN/>
      <IRNACKNO/>
      <IRN/>
      <IRNQRCODE/>
      <BILLTOPLACE/>
      <SHIPTOPLACE/>
      <DISPATCHFROMNAME/>
      <DISPATCHFROMADDRESSTYPE/>
      <DISPATCHFROMSTATENAME/>
      <DISPATCHFROMPINCODE/>
      <DISPATCHFROMPLACE/>
      <IRNCANCELREASON/>
      <IRNCANCELCODE/>
      <BASICSHIPPEDBY/>
      <BASICDESTINATIONCOUNTRY/>
      <BASICBUYERNAME/>
      <BASICPLACEOFRECEIPT/>
      <BASICSHIPDOCUMENTNO/>
      <BASICPORTOFLOADING/>
      <BASICPORTOFDISCHARGE/>
      <BASICFINALDESTINATION/>
      <BASICORDERREF/>
      <BASICSHIPVESSELNO/>
      <BASICBUYERSSALESTAXNO/>
      <BASICDUEDATEOFPYMT/>
      <BASICSERIALNUMINPLA/>
      <BASICDATETIMEOFINVOICE/>
      <BASICDATETIMEOFREMOVAL/>
      <PARTYADDRESSTYPE/>
      <MFGRADDRESSTYPE/>
      <TRANSPORTERADDRROOM/>
      <TRANSPORTERADDRBLDG/>
      <TRANSPORTERADDRROAD/>
      <TRANSPORTERADDRAREA/>
      <TRANSPORTERADDRTOWN/>
      <TRANSPORTERADDRDIST/>
      <TRANSPORTERADDRSTATE/>
      <TRANSPORTERADDRPINCODE/>
      <TRANSPORTERADDRPHONE/>
      <TRANSPORTERADDRFAX/>
      <TRANSPORTERVEHICLE2/>
      <TRANSPORTLOCALTIN/>
      <VATCFORMISSUESTATE/>
      <PLACEOFSUPPLYSTATE/>
      <PLACEOFSUPPLYCOUNTRY/>
      <EMIRATEPOS/>
      <PARTYMAILINGNAME/>
      <PARTYPINCODE/>
      <CONSIGNEEMAILINGNAME/>
      <CONSIGNEECOUNTRYNAME/>
      <VCHGSTCLASS/>
      <COSTCENTRENAME/>
      <ADDITIONALNARRATION/>
      <PARTYINVNO/>
      <INSPDOCNO/>
      <SETTLEMENTTYPE/>
      <VOUCHERTIME/>
      <HOLDREFERENCE/>
      <VATCANCINVNO/>
      <VATCANCPURCTIN/>
      <VATCANCPURCNAME/>
      <VATTYPEOFDEVICE/>
      <VATBRIEFDESCRIPTION/>
      <VATDEVICENO/>
      <BUYERPINNUMBER/>
      <VATEXPORTENTRYNO/>
      <CONSIGNEEPINNUMBER/>
      <VATEXEMPTCERTIFICATENO/>
      <VATVEHICLENUMBER/>
      <VATGOODSRECEIPTNUMBER/>
      <VATMOBILENUMBER/>
      <VATCSTE1SERIESNO/>
      <VATCSTE1SERIALNO/>
      <VATPERMITFORM/>
      <VATCERTIFICATENO/>
      <CONSIGNEECIRCLE/>
      <CONSIGNEECITY/>
      <CONSIGNEESTATENAME/>
      <CONSIGNEEPINCODE/>
      <CONSIGNEEMOBILENUMBER/>
      <CONSIGNEEOTHERS/>
      <CONSIGNEEMAIL/>
      <DELIVERYCITY/>
      <DELIVERYPINCODE/>
      <DELIVERYOTHERS/>
      <DELIVERYSTATE/>
      <DISPATCHCITY/>
      <DISPATCHPINCODE/>
      <DESTINATIONPERMITNUMBER/>
      <ENTRYCHECKPOSTLOCATION/>
      <EXITCHECKPOSTLOCATION/>
      <VATTDSDEDUCTORNAME/>
      <VCHENTRYMODE/>
      <ENTEREDBY/>
      <VOUCHERTYPEORIGNAME/>
      <DIFFACTUALQTY>No</DIFFACTUALQTY>
      <ISMSTFROMSYNC>No</ISMSTFROMSYNC>
      <ASORIGINAL>No</ASORIGINAL>
      <AUDITED>No</AUDITED>
      <FORJOBCOSTING>No</FORJOBCOSTING>
      <ISOPTIONAL>No</ISOPTIONAL>
      <EFFECTIVEDATE>20210810</EFFECTIVEDATE>
      <USEFOREXCISE>No</USEFOREXCISE>
      <ISFORJOBWORKIN>No</ISFORJOBWORKIN>
      <ALLOWCONSUMPTION>No</ALLOWCONSUMPTION>
      <USEFORINTEREST>No</USEFORINTEREST>
      <USEFORGAINLOSS>No</USEFORGAINLOSS>
      <USEFORGODOWNTRANSFER>No</USEFORGODOWNTRANSFER>
      <USEFORCOMPOUND>No</USEFORCOMPOUND>
      <USEFORSERVICETAX>No</USEFORSERVICETAX>
      <ISDELETED>No</ISDELETED>
      <ISONHOLD>No</ISONHOLD>
      <ISBOENOTAPPLICABLE>No</ISBOENOTAPPLICABLE>
      <ISEXCISEVOUCHER>No</ISEXCISEVOUCHER>
      <EXCISETAXOVERRIDE>No</EXCISETAXOVERRIDE>
      <USEFORTAXUNITTRANSFER>No</USEFORTAXUNITTRANSFER>
      <IGNOREPOSVALIDATION>No</IGNOREPOSVALIDATION>
      <EXCISEOPENING>No</EXCISEOPENING>
      <USEFORFINALPRODUCTION>No</USEFORFINALPRODUCTION>
      <ISTDSOVERRIDDEN>No</ISTDSOVERRIDDEN>
      <ISTCSOVERRIDDEN>No</ISTCSOVERRIDDEN>
      <ISTDSTCSCASHVCH>No</ISTDSTCSCASHVCH>
      <INCLUDEADVPYMTVCH>No</INCLUDEADVPYMTVCH>
      <ISSUBWORKSCONTRACT>No</ISSUBWORKSCONTRACT>
      <ISVATOVERRIDDEN>No</ISVATOVERRIDDEN>
      <IGNOREORIGVCHDATE>No</IGNOREORIGVCHDATE>
      <ISVATPAIDATCUSTOMS>No</ISVATPAIDATCUSTOMS>
      <ISDECLAREDTOCUSTOMS>No</ISDECLAREDTOCUSTOMS>
      <ISSERVICETAXOVERRIDDEN>No</ISSERVICETAXOVERRIDDEN>
      <ISISDVOUCHER>No</ISISDVOUCHER>
      <ISEXCISEOVERRIDDEN>No</ISEXCISEOVERRIDDEN>
      <ISEXCISESUPPLYVCH>No</ISEXCISESUPPLYVCH>
      <ISGSTOVERRIDDEN>No</ISGSTOVERRIDDEN>
      <GSTNOTEXPORTED>No</GSTNOTEXPORTED>
      <IGNOREGSTINVALIDATION>No</IGNOREGSTINVALIDATION>
      <ISGSTREFUND>No</ISGSTREFUND>
      <ISGSTSECSEVENAPPLICABLE>No</ISGSTSECSEVENAPPLICABLE>
      <ISVATPRINCIPALACCOUNT>No</ISVATPRINCIPALACCOUNT>
      <IGNOREEINVVALIDATION>No</IGNOREEINVVALIDATION>
      <IRNJSONEXPORTED>No</IRNJSONEXPORTED>
      <IRNCANCELLED>No</IRNCANCELLED>
      <ISSHIPPINGWITHINSTATE>No</ISSHIPPINGWITHINSTATE>
      <ISOVERSEASTOURISTTRANS>No</ISOVERSEASTOURISTTRANS>
      <ISDESIGNATEDZONEPARTY>No</ISDESIGNATEDZONEPARTY>
      <ISCANCELLED>No</ISCANCELLED>
      <HASCASHFLOW>Yes</HASCASHFLOW>
      <ISPOSTDATED>No</ISPOSTDATED>
      <USETRACKINGNUMBER>No</USETRACKINGNUMBER>
      <ISINVOICE>No</ISINVOICE>
      <MFGJOURNAL>No</MFGJOURNAL>
      <HASDISCOUNTS>No</HASDISCOUNTS>
      <ASPAYSLIP>No</ASPAYSLIP>
      <ISCOSTCENTRE>No</ISCOSTCENTRE>
      <ISSTXNONREALIZEDVCH>No</ISSTXNONREALIZEDVCH>
      <ISEXCISEMANUFACTURERON>No</ISEXCISEMANUFACTURERON>
      <ISBLANKCHEQUE>No</ISBLANKCHEQUE>
      <ISVOID>No</ISVOID>
      <ORDERLINESTATUS>No</ORDERLINESTATUS>
      <VATISAGNSTCANCSALES>No</VATISAGNSTCANCSALES>
      <VATISPURCEXEMPTED>No</VATISPURCEXEMPTED>
      <ISVATRESTAXINVOICE>No</ISVATRESTAXINVOICE>
      <VATISASSESABLECALCVCH>No</VATISASSESABLECALCVCH>
      <ISVATDUTYPAID>Yes</ISVATDUTYPAID>
      <ISDELIVERYSAMEASCONSIGNEE>No</ISDELIVERYSAMEASCONSIGNEE>
      <ISDISPATCHSAMEASCONSIGNOR>No</ISDISPATCHSAMEASCONSIGNOR>
      <ISDELETEDVCHRETAINED>No</ISDELETEDVCHRETAINED>
      <CHANGEVCHMODE>No</CHANGEVCHMODE>
      <RESETIRNQRCODE>No</RESETIRNQRCODE>
      <ALTERID> 542</ALTERID>
      <MASTERID> 319</MASTERID>
      <VOUCHERKEY>190769562386504</VOUCHERKEY>
      <ECFEERATE>0</ECFEERATE>
      <VATCONSIGNMENTNO>0</VATCONSIGNMENTNO>
      <QRCODECRC>0</QRCODECRC>
      <VATTDSRATE>0</VATTDSRATE>
      <BONDAMOUNT/>
      <POSCASHRECEIVED/>
      <CUSTOMDUTYPAID/>
      <VATPARTYITCCLAIMED/>
      <VATPARTYTAXLIABILITY/>
      <VALUEOFWORKSCONTRACT/>
      <ECFEEAMOUNT/>
      <ECFEEDEPOSITBYAWARDER/>
      <ECFEEDEPOSITBYCONTRACTOR/>
      <TDSDEDUCTED/>
      <VALUEOFSUBWORKSCONT/>
      <VATTDSAMT/>
      <ADJPARTYINVOICEVALUE/>
      <GSTINVASSESSABLEVALUE/>
      <VATGOODSVALUE/>
      <EXCHGRATE/>
      <PROCESSINGDURATION/>
      <TEMPGSTEWAYCONSIGNORADDRESSTYPE/>
      <TEMPGSTEWAYCONSIGNEEADDRESSTYPE/>
      <EIDEFAULTLED_ISZRBASICSERVICE/>
      <PREVBOMNAME/>
      <CURBOMNAME/>
      <COMMONNATUREOFPAYMENT/>
      <TEMPISVCHSUPPLFILLED/>
      <CURRPARTYLEDGERNAME/>
      <CURRBASICBUYERNAME/>
      <CURRPARTYNAME/>
      <CURRBUYERADDRESSTYPE/>
      <CURRPARTYADDRESSTYPE/>
      <CURRSTATENAME/>
      <CURRBASICPURCHASEORDERNO/>
      <CURRBASICSHIPDELIVERYNOTE/>
      <POSSTAXPARTYLEDGERNAME/>
      <ISCSTAGTFORMC/>
      <EIDEFAULTLED_ISUSERDEFINED/>
      <EIDEFAULTLED_CLASSNAME/>
      <EIDEFAULTLED_CLASSRATE>0</EIDEFAULTLED_CLASSRATE>
      <EIDEFAULTLED_CLASSADDLRATE>0</EIDEFAULTLED_CLASSADDLRATE>
      <TEMPVATCLASSIFICATION/>
      <ISATTDDATAPRESERVED/>
      <TEMPGSTEWAYBILLNUMBER/>
      <TEMPGSTEWAYBILLDATE/>
      <TEMPGSTEWAYSUBTYPE/>
      <TEMPGSTEWAYDOCUMENTTYPE/>
      <TEMPGSTEWAYSTATUS/>
      <TEMPGSTEWAYCONSIGNOR/>
      <TEMPGSTEWAYCONSIGNORADDRESS/>
      <TEMPGSTEWAYFROMPLACE/>
      <TEMPCONSIGNORPINCODENUMBER>0</TEMPCONSIGNORPINCODENUMBER>
      <TEMPGSTEWAYPINCODENUMBER>0</TEMPGSTEWAYPINCODENUMBER>
      <TEMPGSTEWAYPINCODE/>
      <TEMPGSTEWAYCONSIGNORTIN/>
      <TEMPGSTEWAYCONSIGNORSTATE/>
      <TEMPGSTEWAYCONSSHIPFROMSTATE/>
      <TEMPGSTEWAYCONSIGNEE/>
      <TEMPGSTEWAYCONSADDRESS/>
      <TEMPGSTEWAYCONSFROMPLACE/>
      <TEMPGSTEWAYCONSPINCODENUMBER>0</TEMPGSTEWAYCONSPINCODENUMBER>
      <TEMPCONSIGNEEPINCODENUMBER>0</TEMPCONSIGNEEPINCODENUMBER>
      <TEMPGSTEWAYCONSPINCODE/>
      <TEMPGSTEWAYCONSTIN/>
      <TEMPGSTEWAYCONSSTATE/>
      <TEMPGSTEWAYCONSSHIPTOSTATE/>
      <TEMPGSTEWAYTRANSPORTMODE/>
      <TEMPGSTEWAYDISTANCE>0</TEMPGSTEWAYDISTANCE>
      <TEMPGSTEWAYTRANSPORTERNAME/>
      <TEMPGSTEWAYVEHICLENUMBER/>
      <TEMPGSTEWAYTRANSPORTERID/>
      <TEMPGSTEWAYTRANSPORTERDOCNO/>
      <TEMPGSTEWAYTRANSPORTERDOCDATE/>
      <TEMPGSTEWAYVEHICLETYPE/>
      <TEMPGSTEWAYCONSBILLNUMBER/>
      <TEMPGSTEWAYCONSBILLDATE/>
      <TEMPISUSERDEFINEDCLASS/>
      <TEMPCLASSNATURE/>
      <TEMPGSTOVRDNINELIGIBLEITC/>
      <TEMPGSTOVRDNISREVCHARGEAPPL/>
      <TEMPGSTOVRDNTAXABILITY/>
      <TEMPGSTOVRDNISREVCHARGEAPPLSTR/>
      <TEMPGSTOVRDNINELIGIBLEITCSTR/>
      <TEMPGSTVCHDESTINATIONSTATE/>
      <TEMPGSTPARTYLEDLOCTYPE/>
      <TEMPGSTPARTYDEALERTYPE/>
      <TEMPGSTRISCOMMONPARTY/>
      <TEMPGSTRCOUNTRY/>
      <TEMPGSTRSTATE/>
      <TEMPGSTRTIN/>
      <TEMPGSTRDEALERTYPE/>
      <CURRGSTCOUNTRY/>
      <EWAYBILLDETAILS.LIST>      </EWAYBILLDETAILS.LIST>
      <EXCLUDEDTAXATIONS.LIST>      </EXCLUDEDTAXATIONS.LIST>
      <OLDAUDITENTRIES.LIST>      </OLDAUDITENTRIES.LIST>
      <ACCOUNTAUDITENTRIES.LIST>      </ACCOUNTAUDITENTRIES.LIST>
      <AUDITENTRIES.LIST>      </AUDITENTRIES.LIST>
      <DUTYHEADDETAILS.LIST>      </DUTYHEADDETAILS.LIST>
      <SUPPLEMENTARYDUTYHEADDETAILS.LIST>      </SUPPLEMENTARYDUTYHEADDETAILS.LIST>
      <IRNERRORLIST.LIST>      </IRNERRORLIST.LIST>
      <INVOICEDELNOTES.LIST>      </INVOICEDELNOTES.LIST>
      <INVOICEORDERLIST.LIST>      </INVOICEORDERLIST.LIST>
      <INVOICEINDENTLIST.LIST>      </INVOICEINDENTLIST.LIST>
      <ATTENDANCEENTRIES.LIST>      </ATTENDANCEENTRIES.LIST>
      <ORIGINVOICEDETAILS.LIST>      </ORIGINVOICEDETAILS.LIST>
      <INVOICEEXPORTLIST.LIST>      </INVOICEEXPORTLIST.LIST>
      <ALLLEDGERENTRIES.LIST>
       <OLDAUDITENTRYIDS.LIST TYPE="Number">
        <OLDAUDITENTRYIDS>-1</OLDAUDITENTRYIDS>
       </OLDAUDITENTRYIDS.LIST>
       <ORIGPURCHINVDATE/>
       <NARRATION/>
       <ADDLALLOCTYPE/>
       <TAXCLASSIFICATIONNAME/>
       <NOTIFICATIONSLNO/>
       <SWIFTCODE/>
       <ROUNDTYPE/>
       <LEDGERNAME>D K Ltd</LEDGERNAME>
       <TAXUNITNAME/>
       <STATNATURENAME/>
       <GOODSTYPE/>
       <METHODTYPE/>
       <CLASSRATE/>
       <STATCLASSIFICATIONNAME/>
       <EXCISECLASSIFICATIONNAME/>
       <ISZRBASICSERVICE/>
       <VATCOMMODITYNAME/>
       <SCHEDULE/>
       <SCHEDULESERIALNUMBER/>
       <VATCOMMODITYCODE/>
       <VATSUBCOMMODITYCODE/>
       <VATTRADENAME/>
       <VATMAJORCOMMODITYNAME/>
       <TDSPARTYNAME/>
       <VATPARTYORGNAME/>
       <XBRLADJTYPE/>
       <VOUCHERFBTCATEGORY/>
       <TYPEOFTAXPAYMENT/>
       <VATCALCULATIONTYPE/>
       <VATWORKSCONTRACTTYPE/>
       <VATWCDESCRIPTION/>
       <GSTCLASS/>
       <SCHVIADJTYPE/>
       <GSTOVRDNCLASSIFICATION/>
       <GSTOVRDNNATURE/>
       <GSTOVRDNINELIGIBLEITC/>
       <GSTOVRDNISREVCHARGEAPPL/>
       <GSTOVRDNTAXABILITY/>
       <GSTHSNSACCODE/>
       <VATGOODSNATURE/>
       <POSPAYMENTTYPE/>
       <GSTPARTYLEDGER/>
       <ORIGPURCHPARTY/>
       <ORIGPURCHPARTYADDRESS/>
       <ORIGPURCHINVNO/>
       <ORIGPURCHNOTE/>
       <ISDEEMEDPOSITIVE>No</ISDEEMEDPOSITIVE>
       <LEDGERFROMITEM>No</LEDGERFROMITEM>
       <REMOVEZEROENTRIES>No</REMOVEZEROENTRIES>
       <ISPARTYLEDGER>Yes</ISPARTYLEDGER>
       <ISLASTDEEMEDPOSITIVE>No</ISLASTDEEMEDPOSITIVE>
       <ISCAPVATTAXALTERED>No</ISCAPVATTAXALTERED>
       <ISCAPVATNOTCLAIMED>No</ISCAPVATNOTCLAIMED>
       <STCRADJPERCENT>0</STCRADJPERCENT>
       <ROUNDLIMIT>0</ROUNDLIMIT>
       <RATEOFADDLVAT>0</RATEOFADDLVAT>
       <RATEOFCESSONVAT>0</RATEOFCESSONVAT>
       <VATTAXRATE>0</VATTAXRATE>
       <VATITEMQTY>0</VATITEMQTY>
       <PREVINVTOTALNUM>0</PREVINVTOTALNUM>
       <VATWCDEDUCTIONRATE>0</VATWCDEDUCTIONRATE>
       <GSTTAXRATE>0</GSTTAXRATE>
       <ORIGINVGOODSQTY>0</ORIGINVGOODSQTY>
       <CAPVATTAXRATE>0</CAPVATTAXRATE>
       <AMOUNT>100.00</AMOUNT>
       <FBTEXEMPTAMOUNT/>
       <VATASSESSABLEVALUE/>
       <VATWCCOSTOFLAND/>
       <VATWCDEDLABOURCHARGES/>
       <VATWCOTHERDEDUCTIONAMT/>
       <VATWCVALUEOFTAXFREEGOODS/>
       <VATWCOTHERCHARGES/>
       <VATWCSUBCONTRACTORAMT/>
       <PREVAMOUNT/>
       <PREVINVTOTALAMT/>
       <VATWCDEDUCTIONAMOUNT/>
       <ORIGINVGOODSVALUE/>
       <CENVATCAPTINPUTAMT/>
       <GSTASSESSABLEVALUE/>
       <IGSTLIABILITY/>
       <CGSTLIABILITY/>
       <SGSTLIABILITY/>
       <GSTCESSLIABILITY/>
       <GSTOVRDNASSESSABLEVALUE/>
       <GSTASSBLVALUE/>
       <ORIGINVGOODSTAXVALUE/>
       <VATWCESTABLISHMENTCOST/>
       <VATWCCONTRACTORPROFIT/>
       <VATWCPLANNINGDESIGNFEES/>
       <VATWCMACHINERYTOOLSCHARGES/>
       <VATWCCONSUMABLESCOST/>
       <VATEXPAMOUNT/>
       <VATASSBLVALUE/>
       <VATACCEPTEDTAXAMT/>
       <VATACCEPTEDADDLTAXAMT/>
       <CASHRECEIVED/>
       <CAPVATASSEABLEVALUE/>
       <CAPVATTAXVALUE/>
       <ORIGPURCHVALUE/>
       <SUPPLYMARGVAL/>
       <DENOMINATIONCOUNT2000X>0</DENOMINATIONCOUNT2000X>
       <DENOMINATIONCOUNT1000X>0</DENOMINATIONCOUNT1000X>
       <DENOMINATIONCOUNT500X>0</DENOMINATIONCOUNT500X>
       <DENOMINATIONCOUNT200X>0</DENOMINATIONCOUNT200X>
       <DENOMINATIONCOUNT100X>0</DENOMINATIONCOUNT100X>
       <DENOMINATIONCOUNT50X>0</DENOMINATIONCOUNT50X>
       <DENOMINATIONCOUNT20X>0</DENOMINATIONCOUNT20X>
       <DENOMINATIONCOUNT10X>0</DENOMINATIONCOUNT10X>
       <DENOMINATIONCOUNT5X>0</DENOMINATIONCOUNT5X>
       <DENOMINATIONCOUNT2X>0</DENOMINATIONCOUNT2X>
       <DENOMINATIONCOUNT1X>0</DENOMINATIONCOUNT1X>
       <DENOMINATIONAMOUNTOTHERS/>
       <CURRPARTYLEDGERNAME/>
       <TEMPVATCLASSIFICATION/>
       <INVOICEROUNDINGDIFFVAL/>
       <VATGCCTAXAMOUNT/>
       <GSTCOMPDUTYAMOUNT/>
       <EXCISETEMPDUTYVAL/>
       <ISVATADJLEDGER/>
       <VATASSESMENTATE>0</VATASSESMENTATE>
       <GSTLEDGERDISCOUNT/>
       <GVATLEDGEREXCISE/>
       <GSTDUTYAMOUNT/>
       <RBVATTAXAMOUNT/>
       <SALESCESSTAXAMOUNT/>
       <SERVICETAXDETAILS.LIST>       </SERVICETAXDETAILS.LIST>
       <BANKALLOCATIONS.LIST>       </BANKALLOCATIONS.LIST>
       <BILLALLOCATIONS.LIST>
        <YEAREND/>
        <NAME>9</NAME>
        <BILLCREDITPERIOD JD="44417" P="30 Days">30 Days</BILLCREDITPERIOD>
        <TDSDEDUCTEESECTIONNUMBER/>
        <TDSLEDGERNC/>
        <SERVICETAXLEDGER/>
        <BILLTYPE>New Ref</BILLTYPE>
        <SUMNAME/>
        <TDSDEDUCTEEISSPECIALRATE>No</TDSDEDUCTEEISSPECIALRATE>
        <TDSDEDUCTEESPECIALRATE>0</TDSDEDUCTEESPECIALRATE>
        <AMOUNT>100.00</AMOUNT>
        <INTERESTCOLLECTION.LIST>        </INTERESTCOLLECTION.LIST>
        <STBILLCATEGORIES.LIST>        </STBILLCATEGORIES.LIST>
       </BILLALLOCATIONS.LIST>
       <INTERESTCOLLECTION.LIST>       </INTERESTCOLLECTION.LIST>
       <OLDAUDITENTRIES.LIST>       </OLDAUDITENTRIES.LIST>
       <ACCOUNTAUDITENTRIES.LIST>       </ACCOUNTAUDITENTRIES.LIST>
       <AUDITENTRIES.LIST>       </AUDITENTRIES.LIST>
       <INPUTCRALLOCS.LIST>       </INPUTCRALLOCS.LIST>
       <DUTYHEADDETAILS.LIST>       </DUTYHEADDETAILS.LIST>
       <EXCISEDUTYHEADDETAILS.LIST>       </EXCISEDUTYHEADDETAILS.LIST>
       <RATEDETAILS.LIST>       </RATEDETAILS.LIST>
       <SUMMARYALLOCS.LIST>       </SUMMARYALLOCS.LIST>
       <STPYMTDETAILS.LIST>       </STPYMTDETAILS.LIST>
       <EXCISEPAYMENTALLOCATIONS.LIST>       </EXCISEPAYMENTALLOCATIONS.LIST>
       <TAXBILLALLOCATIONS.LIST>       </TAXBILLALLOCATIONS.LIST>
       <TAXOBJECTALLOCATIONS.LIST>       </TAXOBJECTALLOCATIONS.LIST>
       <TDSEXPENSEALLOCATIONS.LIST>       </TDSEXPENSEALLOCATIONS.LIST>
       <VATSTATUTORYDETAILS.LIST>       </VATSTATUTORYDETAILS.LIST>
       <COSTTRACKALLOCATIONS.LIST>       </COSTTRACKALLOCATIONS.LIST>
       <REFVOUCHERDETAILS.LIST>       </REFVOUCHERDETAILS.LIST>
       <INVOICEWISEDETAILS.LIST>       </INVOICEWISEDETAILS.LIST>
       <VATITCDETAILS.LIST>       </VATITCDETAILS.LIST>
       <ADVANCETAXDETAILS.LIST>       </ADVANCETAXDETAILS.LIST>
      </ALLLEDGERENTRIES.LIST>
      <ALLLEDGERENTRIES.LIST>
       <OLDAUDITENTRYIDS.LIST TYPE="Number">
        <OLDAUDITENTRYIDS>-1</OLDAUDITENTRYIDS>
       </OLDAUDITENTRYIDS.LIST>
       <ORIGPURCHINVDATE/>
       <NARRATION/>
       <ADDLALLOCTYPE/>
       <TAXCLASSIFICATIONNAME/>
       <NOTIFICATIONSLNO/>
       <SWIFTCODE/>
       <ROUNDTYPE/>
       <LEDGERNAME>CASH</LEDGERNAME>
       <TAXUNITNAME/>
       <STATNATURENAME/>
       <GOODSTYPE/>
       <METHODTYPE/>
       <CLASSRATE/>
       <STATCLASSIFICATIONNAME/>
       <EXCISECLASSIFICATIONNAME/>
       <ISZRBASICSERVICE/>
       <VATCOMMODITYNAME/>
       <SCHEDULE/>
       <SCHEDULESERIALNUMBER/>
       <VATCOMMODITYCODE/>
       <VATSUBCOMMODITYCODE/>
       <VATTRADENAME/>
       <VATMAJORCOMMODITYNAME/>
       <TDSPARTYNAME/>
       <VATPARTYORGNAME/>
       <XBRLADJTYPE/>
       <VOUCHERFBTCATEGORY/>
       <TYPEOFTAXPAYMENT/>
       <VATCALCULATIONTYPE/>
       <VATWORKSCONTRACTTYPE/>
       <VATWCDESCRIPTION/>
       <GSTCLASS/>
       <SCHVIADJTYPE/>
       <GSTOVRDNCLASSIFICATION/>
       <GSTOVRDNNATURE/>
       <GSTOVRDNINELIGIBLEITC/>
       <GSTOVRDNISREVCHARGEAPPL/>
       <GSTOVRDNTAXABILITY/>
       <GSTHSNSACCODE/>
       <VATGOODSNATURE/>
       <POSPAYMENTTYPE/>
       <GSTPARTYLEDGER/>
       <ORIGPURCHPARTY/>
       <ORIGPURCHPARTYADDRESS/>
       <ORIGPURCHINVNO/>
       <ORIGPURCHNOTE/>
       <ISDEEMEDPOSITIVE>Yes</ISDEEMEDPOSITIVE>
       <LEDGERFROMITEM>No</LEDGERFROMITEM>
       <REMOVEZEROENTRIES>No</REMOVEZEROENTRIES>
       <ISPARTYLEDGER>Yes</ISPARTYLEDGER>
       <ISLASTDEEMEDPOSITIVE>Yes</ISLASTDEEMEDPOSITIVE>
       <ISCAPVATTAXALTERED>No</ISCAPVATTAXALTERED>
       <ISCAPVATNOTCLAIMED>No</ISCAPVATNOTCLAIMED>
       <STCRADJPERCENT>0</STCRADJPERCENT>
       <ROUNDLIMIT>0</ROUNDLIMIT>
       <RATEOFADDLVAT>0</RATEOFADDLVAT>
       <RATEOFCESSONVAT>0</RATEOFCESSONVAT>
       <VATTAXRATE>0</VATTAXRATE>
       <VATITEMQTY>0</VATITEMQTY>
       <PREVINVTOTALNUM>0</PREVINVTOTALNUM>
       <VATWCDEDUCTIONRATE>0</VATWCDEDUCTIONRATE>
       <GSTTAXRATE>0</GSTTAXRATE>
       <ORIGINVGOODSQTY>0</ORIGINVGOODSQTY>
       <CAPVATTAXRATE>0</CAPVATTAXRATE>
       <AMOUNT>-100.00</AMOUNT>
       <FBTEXEMPTAMOUNT/>
       <VATASSESSABLEVALUE/>
       <VATWCCOSTOFLAND/>
       <VATWCDEDLABOURCHARGES/>
       <VATWCOTHERDEDUCTIONAMT/>
       <VATWCVALUEOFTAXFREEGOODS/>
       <VATWCOTHERCHARGES/>
       <VATWCSUBCONTRACTORAMT/>
       <PREVAMOUNT/>
       <PREVINVTOTALAMT/>
       <VATWCDEDUCTIONAMOUNT/>
       <ORIGINVGOODSVALUE/>
       <CENVATCAPTINPUTAMT/>
       <GSTASSESSABLEVALUE/>
       <IGSTLIABILITY/>
       <CGSTLIABILITY/>
       <SGSTLIABILITY/>
       <GSTCESSLIABILITY/>
       <GSTOVRDNASSESSABLEVALUE/>
       <GSTASSBLVALUE/>
       <ORIGINVGOODSTAXVALUE/>
       <VATWCESTABLISHMENTCOST/>
       <VATWCCONTRACTORPROFIT/>
       <VATWCPLANNINGDESIGNFEES/>
       <VATWCMACHINERYTOOLSCHARGES/>
       <VATWCCONSUMABLESCOST/>
       <VATEXPAMOUNT/>
       <VATASSBLVALUE/>
       <VATACCEPTEDTAXAMT/>
       <VATACCEPTEDADDLTAXAMT/>
       <CASHRECEIVED/>
       <CAPVATASSEABLEVALUE/>
       <CAPVATTAXVALUE/>
       <ORIGPURCHVALUE/>
       <SUPPLYMARGVAL/>
       <DENOMINATIONCOUNT2000X>0</DENOMINATIONCOUNT2000X>
       <DENOMINATIONCOUNT1000X>0</DENOMINATIONCOUNT1000X>
       <DENOMINATIONCOUNT500X>0</DENOMINATIONCOUNT500X>
       <DENOMINATIONCOUNT200X>0</DENOMINATIONCOUNT200X>
       <DENOMINATIONCOUNT100X>0</DENOMINATIONCOUNT100X>
       <DENOMINATIONCOUNT50X>0</DENOMINATIONCOUNT50X>
       <DENOMINATIONCOUNT20X>0</DENOMINATIONCOUNT20X>
       <DENOMINATIONCOUNT10X>0</DENOMINATIONCOUNT10X>
       <DENOMINATIONCOUNT5X>0</DENOMINATIONCOUNT5X>
       <DENOMINATIONCOUNT2X>0</DENOMINATIONCOUNT2X>
       <DENOMINATIONCOUNT1X>0</DENOMINATIONCOUNT1X>
       <DENOMINATIONAMOUNTOTHERS/>
       <CURRPARTYLEDGERNAME/>
       <TEMPVATCLASSIFICATION/>
       <INVOICEROUNDINGDIFFVAL/>
       <VATGCCTAXAMOUNT/>
       <GSTCOMPDUTYAMOUNT/>
       <EXCISETEMPDUTYVAL/>
       <ISVATADJLEDGER/>
       <VATASSESMENTATE>0</VATASSESMENTATE>
       <GSTLEDGERDISCOUNT/>
       <GVATLEDGEREXCISE/>
       <GSTDUTYAMOUNT/>
       <RBVATTAXAMOUNT/>
       <SALESCESSTAXAMOUNT/>
       <SERVICETAXDETAILS.LIST>       </SERVICETAXDETAILS.LIST>
       <BANKALLOCATIONS.LIST>       </BANKALLOCATIONS.LIST>
       <BILLALLOCATIONS.LIST>       </BILLALLOCATIONS.LIST>
       <INTERESTCOLLECTION.LIST>       </INTERESTCOLLECTION.LIST>
       <OLDAUDITENTRIES.LIST>       </OLDAUDITENTRIES.LIST>
       <ACCOUNTAUDITENTRIES.LIST>       </ACCOUNTAUDITENTRIES.LIST>
       <AUDITENTRIES.LIST>       </AUDITENTRIES.LIST>
       <INPUTCRALLOCS.LIST>       </INPUTCRALLOCS.LIST>
       <DUTYHEADDETAILS.LIST>       </DUTYHEADDETAILS.LIST>
       <EXCISEDUTYHEADDETAILS.LIST>       </EXCISEDUTYHEADDETAILS.LIST>
       <RATEDETAILS.LIST>       </RATEDETAILS.LIST>
       <SUMMARYALLOCS.LIST>       </SUMMARYALLOCS.LIST>
       <STPYMTDETAILS.LIST>       </STPYMTDETAILS.LIST>
       <EXCISEPAYMENTALLOCATIONS.LIST>       </EXCISEPAYMENTALLOCATIONS.LIST>
       <TAXBILLALLOCATIONS.LIST>       </TAXBILLALLOCATIONS.LIST>
       <TAXOBJECTALLOCATIONS.LIST>       </TAXOBJECTALLOCATIONS.LIST>
       <TDSEXPENSEALLOCATIONS.LIST>       </TDSEXPENSEALLOCATIONS.LIST>
       <VATSTATUTORYDETAILS.LIST>       </VATSTATUTORYDETAILS.LIST>
       <COSTTRACKALLOCATIONS.LIST>       </COSTTRACKALLOCATIONS.LIST>
       <REFVOUCHERDETAILS.LIST>       </REFVOUCHERDETAILS.LIST>
       <INVOICEWISEDETAILS.LIST>       </INVOICEWISEDETAILS.LIST>
       <VATITCDETAILS.LIST>       </VATITCDETAILS.LIST>
       <ADVANCETAXDETAILS.LIST>       </ADVANCETAXDETAILS.LIST>
      </ALLLEDGERENTRIES.LIST>
      <PAYROLLMODEOFPAYMENT.LIST>      </PAYROLLMODEOFPAYMENT.LIST>
      <ATTDRECORDS.LIST>      </ATTDRECORDS.LIST>
      <GSTEWAYCONSIGNORADDRESS.LIST>      </GSTEWAYCONSIGNORADDRESS.LIST>
      <GSTEWAYCONSIGNEEADDRESS.LIST>      </GSTEWAYCONSIGNEEADDRESS.LIST>
      <TEMPGSTRATEDETAILS.LIST>      </TEMPGSTRATEDETAILS.LIST>
     </VOUCHER>
    </TALLYMESSAGE>
    <TALLYMESSAGE xmlns:UDF="TallyUDF">
     <VOUCHER REMOTEID="0104ec5d-3a78-4045-b472-e46e6308b8a0-00000151" VCHKEY="0104ec5d-3a78-4045-b472-e46e6308b8a0-0000ad8d:00000040" VCHTYPE="Receipt" ACTION="Create" OBJVIEW="Accounting Voucher View">
      <OLDAUDITENTRYIDS.LIST TYPE="Number">
       <OLDAUDITENTRYIDS>-1</OLDAUDITENTRYIDS>
      </OLDAUDITENTRYIDS.LIST>
      <ACTIVETO/>
      <ALTEREDON/>
      <DATE>20210822</DATE>
      <LUTDATEOFISSUE/>
      <LUTEXPIRYDATE/>
      <BONDDATEOFISSUE/>
      <BONDEXPIRYDATE/>
      <TAXCHEQUEDATE/>
      <TAXCHALLANDATE/>
      <REFERENCEDATE/>
      <SHIPPINGBILLDATE/>
      <BILLOFENTRYDATE/>
      <VATPARTYTRANSRETURNDATE/>
      <RECONCILATIONDATE/>
      <FORM16ISSUEDATE/>
      <CSTFORMISSUEDATE/>
      <CSTFORMRECVDATE/>
      <CERTIFICATEDATE/>
      <FBTFROMDATE/>
      <FBTTODATE/>
      <RETURNINVOICEDATE/>
      <AGGREMENTORDERDATE/>
      <GOODSRCPTDATE/>
      <LORRYRECPTDATE/>
      <TRANSSALELANDINGDATE/>
      <TRANSBUYERLANDINGDATE/>
      <CREDITLETTERDATE/>
      <AIRWAYBILLDATE/>
      <VATORDERDATE/>
      <INVDELIVERYDATE/>
      <BILLOFLADINGDATE/>
      <VATDEPOSITDATE/>
      <VATDOCUMENTDATE/>
      <VATCHALLANDATE/>
      <ECDATE/>
      <VATTDSDATE/>
      <ADJFROMDATE/>
      <ADJTODATE/>
      <VATDDCHEQUEDATE/>
      <TAXPAYPERIODFROMDATE/>
      <TAXPAYPERIODTODATE/>
      <STTAXCHALLANDATE/>
      <GSTCHALLANDATE/>
      <GSTCHALLANEXPIRYDATE/>
      <ADJPARTYINVOICEDATE/>
      <ADJPARTYPAYMENTDATE/>
      <PARTYORDERDATE/>
      <ADVANCERECEIPTDATE/>
      <REFUNDVOUCHERDATE/>
      <IRNACKDATE/>
      <IRNCANCELDATE/>
      <VATSUBMISSIONDATE/>
      <PARTYINVDATE/>
      <INSPDOCDATE/>
      <VATCANCINVDATE/>
      <VATGOODSRECEIPTDATE/>
      <VATCSTE1DATE/>
      <DISPATCHDATE/>
      <AUDITEDON/>
      <GUID>0104ec5d-3a78-4045-b472-e46e6308b8a0-00000151</GUID>
      <GSTREGISTRATIONTYPE/>
      <VATDEALERTYPE/>
      <STATENAME/>
      <PRICELEVEL/>
      <TDSNATUREOFPAYMENT/>
      <AUTOCOSTLEVEL/>
      <NARRATION/>
      <REQUESTORRULE/>
      <ALTEREDBY/>
      <COUNTRYOFRESIDENCE/>
      <IMPORTEREXPORTERCODE/>
      <PARTYGSTIN/>
      <NATUREOFSALES/>
      <EXCISENOTIFICATIONNO/>
      <PLACEOFSUPPLY/>
      <LUTNUMBER/>
      <BONDNUMBER/>
      <AUTHORITYNAME/>
      <AUTHORITYADDRESS/>
      <TAXUNITNAME/>
      <EXCISEUNITNAME/>
      <CLASSNAME/>
      <POSCARDLEDGER/>
      <POSCASHLEDGER/>
      <POSGIFTLEDGER/>
      <POSCHEQUELEDGER/>
      <EXCISECLASSIFICATIONNAME/>
      <TDSSECTIONNO/>
      <TDSDEDNSTATUS/>
      <TAXBANKCHALLANNUMBER/>
      <TAXCHALLANBSRCODE/>
      <TAXCHEQUENUMBER/>
      <TAXBANKNAME/>
      <TAXBANKBRANCHNAME/>
      <PARTYNAME/>
      <PARTYLEDGERNAME>D.R &amp; Company HR</PARTYLEDGERNAME>
      <GSTACTIVITYSTATUS/>
      <TAXADJUSTMENT/>
      <BUYERADDRESSTYPE/>
      <PORTCODE/>
      <SHIPPINGBILLNO/>
      <BILLOFENTRYNO/>
      <VATPARTYTRANSRETURNNUMBER/>
      <URDORIGINALSALEVALUE/>
      <GSTNATUREOFRETURN/>
      <VOUCHERTYPENAME>Receipt</VOUCHERTYPENAME>
      <REFERENCE/>
      <VOUCHERNUMBER>9</VOUCHERNUMBER>
      <BASICBASEPARTYNAME/>
      <BASICVOUCHERCHEQUENAME/>
      <BASICVOUCHERCROSSCOMMENT/>
      <EXCHGCURRENCYNAME/>
      <SERIALMASTER/>
      <SERIALNUMBER/>
      <STATADJUSTMENTTYPE/>
      <STATPAYMENTTYPE/>
      <CONSIGNEEIECODE/>
      <SUPPLIERIECODE/>
      <ARESERIALMASTER/>
      <ARESERIALNUMBER/>
      <SUMAUTOVCHNUM/>
      <TAXBANKACCOUNTNUMBER/>
      <CSTFORMISSUETYPE/>
      <CSTFORMISSUENUMBER/>
      <CSTFORMRECVTYPE/>
      <CSTFORMRECVNUMBER/>
      <CONSIGNEECSTNUMBER/>
      <BUYERSCSTNUMBER/>
      <CSTFORMISSUESERIESNUM/>
      <CSTFORMRECVSERIESNUM/>
      <EXCISETREASURYNUMBER/>
      <EXCISETREASURYNAME/>
      <CERTIFICATETYPE/>
      <CERTIFICATENUMBER/>
      <AREFORMTYPE/>
      <DESTINATIONTAXUNIT/>
      <FBTPAYMENTTYPE>Default</FBTPAYMENTTYPE>
      <POSCARDNUMBER/>
      <POSCHEQUENUMBER/>
      <POSCHEQUEBANKNAME/>
      <CHALLANTYPE/>
      <CHEQUEDEPOSITORNAME/>
      <EXCISENOTIFICATIONSERIALNO/>
      <PERSISTEDVIEW>Accounting Voucher View</PERSISTEDVIEW>
      <EXCISETARIFFTYPE/>
      <CONSIGNEELBTREGNNO/>
      <CONSIGNEELBTZONE/>
      <SUPPLIERLBTREGNNO/>
      <SUPPLIERLBTZONE/>
      <LBTMAPPEDCATEGORY/>
      <LBTMAPPEDZONE/>
      <LBTNATUREOFLIABILITY/>
      <CASHPARTYPAN/>
      <CASHPARTYDEDTYPE/>
      <VCHTAXTYPE/>
      <PURPOSEOFPURCHASE/>
      <POINTOFTRANSACTION/>
      <TRANSPORTERNAME/>
      <TRANSPORTMODE/>
      <AGGREMENTORDERNO/>
      <FOREIGNSELLERNAME/>
      <EXPORTERCOUNTRY/>
      <GOODSVEHICLENUMBER/>
      <SHIPNAME/>
      <SHIPAGENTNAME/>
      <CLEARINGAGENTNAME/>
      <LORRYRECPTNO/>
      <CARRIERNAME/>
      <CREDITLETTERREF/>
      <AIRWAYBILLNO/>
      <FWDAGENTNAME/>
      <VATORDERNO/>
      <VATSELLERTIN/>
      <TRANSSOURCEPLACE/>
      <TRANSCATEGORY/>
      <VATDOCUMENTTYPE/>
      <VATTRANSBILLQTY/>
      <VATTRANSBILLNO/>
      <BILLOFLADINGNO/>
      <VATPAIDAGAINST/>
      <VATBANKNAME/>
      <VATBANKBRANCH/>
      <VATDDCHEQUENO/>
      <VATADJUSTMENTTYPE/>
      <VATFORMSTATUS/>
      <VATDOCUMENTNUMBER/>
      <VATSOURCESTATE/>
      <VATDESTINATIONSTATE/>
      <VATDESTINATIONPLACE/>
      <VATPARTYORGTYPE/>
      <VATPARTYTYPE/>
      <VATCHALLANNUMBER/>
      <VATDESIGOFPURCHASER/>
      <VATPURCHASERCPTTYPE/>
      <VATGOODSRCPTNO/>
      <VATPARTYORGNAME/>
      <AIRPORTNAME/>
      <TDNOFAWARDER/>
      <ECNUMBER/>
      <ECISSUINGAUTHORITY/>
      <CONTRACTORTIN/>
      <VATTDSBARCODE/>
      <VATPYMTMODEOFDEPOSIT/>
      <VATPYMTTAXDESC/>
      <VATBANKACCNUMBER/>
      <VATBRANCHCODE/>
      <VATTRANSSOURCE/>
      <VATADJADDLDETAILS/>
      <VATBRANCHNAME/>
      <PRIORITYSTATECONFLICT/>
      <EICHECKPOST/>
      <PORTNAME/>
      <VATEFORMAPPLICABLE/>
      <VATEFORMAPPLICABLENO/>
      <VATINCOURSEOF/>
      <VATDISPATCHTIME/>
      <VATTRANSPORTERADDRESS/>
      <VATCONTRACTEETDN/>
      <VATCONTRACTEEDISTRICT/>
      <VATCONTRACTEENAME/>
      <CONSUMERIDENTIFICATIONNUMBER/>
      <STTVCHRHANDLE/>
      <SRVTREGNUMBER/>
      <TAXPAYMENTTYPE/>
      <STTAXBANKCHALLANNUMBER/>
      <TYPEOFEXCISEVOUCHER/>
      <GSTBANKNAME/>
      <GSTBANKACCOUNTNUMBER/>
      <GSTBANKACCOUNTTYPE/>
      <GSTBANKACCOUNTHOLDER/>
      <GSTBANKBRANCHADDRESS/>
      <GSTBANKIFSCCODE/>
      <GSTBANKMICRCODE/>
      <GSTDEBITDOCNUMBER/>
      <GSTPYMTMODEOFDEPOSIT/>
      <GSTBANKBRANCHNAME/>
      <GSTINSTRUMENTNUMBER/>
      <GSTCHALLANNUMBER/>
      <GSTCPINNUMBER/>
      <GSTCINNUMBER/>
      <ADJPARTYGSTIN/>
      <ADJPARTYINVOICENO/>
      <GSTMERCHANTID/>
      <PARTYORDERNO/>
      <GSTITCREVERSALDETAILS/>
      <GSTITCDOCUMENTTYPE/>
      <GSTADDITIONALDETAILS/>
      <GSTRECONSTATUS/>
      <GSTREASONFORREJECTION/>
      <ADVANCERECEIPTNUMBER/>
      <REFUNDVOUCHERNUMBER/>
      <VCHTAXUNIT/>
      <CONSIGNEEGSTIN/>
      <IRNACKNO/>
      <IRN/>
      <IRNQRCODE/>
      <BILLTOPLACE/>
      <SHIPTOPLACE/>
      <DISPATCHFROMNAME/>
      <DISPATCHFROMADDRESSTYPE/>
      <DISPATCHFROMSTATENAME/>
      <DISPATCHFROMPINCODE/>
      <DISPATCHFROMPLACE/>
      <IRNCANCELREASON/>
      <IRNCANCELCODE/>
      <BASICSHIPPEDBY/>
      <BASICDESTINATIONCOUNTRY/>
      <BASICBUYERNAME/>
      <BASICPLACEOFRECEIPT/>
      <BASICSHIPDOCUMENTNO/>
      <BASICPORTOFLOADING/>
      <BASICPORTOFDISCHARGE/>
      <BASICFINALDESTINATION/>
      <BASICORDERREF/>
      <BASICSHIPVESSELNO/>
      <BASICBUYERSSALESTAXNO/>
      <BASICDUEDATEOFPYMT/>
      <BASICSERIALNUMINPLA/>
      <BASICDATETIMEOFINVOICE/>
      <BASICDATETIMEOFREMOVAL/>
      <PARTYADDRESSTYPE/>
      <MFGRADDRESSTYPE/>
      <TRANSPORTERADDRROOM/>
      <TRANSPORTERADDRBLDG/>
      <TRANSPORTERADDRROAD/>
      <TRANSPORTERADDRAREA/>
      <TRANSPORTERADDRTOWN/>
      <TRANSPORTERADDRDIST/>
      <TRANSPORTERADDRSTATE/>
      <TRANSPORTERADDRPINCODE/>
      <TRANSPORTERADDRPHONE/>
      <TRANSPORTERADDRFAX/>
      <TRANSPORTERVEHICLE2/>
      <TRANSPORTLOCALTIN/>
      <VATCFORMISSUESTATE/>
      <PLACEOFSUPPLYSTATE/>
      <PLACEOFSUPPLYCOUNTRY/>
      <EMIRATEPOS/>
      <PARTYMAILINGNAME/>
      <PARTYPINCODE/>
      <CONSIGNEEMAILINGNAME/>
      <CONSIGNEECOUNTRYNAME/>
      <VCHGSTCLASS/>
      <COSTCENTRENAME/>
      <ADDITIONALNARRATION/>
      <PARTYINVNO/>
      <INSPDOCNO/>
      <SETTLEMENTTYPE/>
      <VOUCHERTIME/>
      <HOLDREFERENCE/>
      <VATCANCINVNO/>
      <VATCANCPURCTIN/>
      <VATCANCPURCNAME/>
      <VATTYPEOFDEVICE/>
      <VATBRIEFDESCRIPTION/>
      <VATDEVICENO/>
      <BUYERPINNUMBER/>
      <VATEXPORTENTRYNO/>
      <CONSIGNEEPINNUMBER/>
      <VATEXEMPTCERTIFICATENO/>
      <VATVEHICLENUMBER/>
      <VATGOODSRECEIPTNUMBER/>
      <VATMOBILENUMBER/>
      <VATCSTE1SERIESNO/>
      <VATCSTE1SERIALNO/>
      <VATPERMITFORM/>
      <VATCERTIFICATENO/>
      <CONSIGNEECIRCLE/>
      <CONSIGNEECITY/>
      <CONSIGNEESTATENAME/>
      <CONSIGNEEPINCODE/>
      <CONSIGNEEMOBILENUMBER/>
      <CONSIGNEEOTHERS/>
      <CONSIGNEEMAIL/>
      <DELIVERYCITY/>
      <DELIVERYPINCODE/>
      <DELIVERYOTHERS/>
      <DELIVERYSTATE/>
      <DISPATCHCITY/>
      <DISPATCHPINCODE/>
      <DESTINATIONPERMITNUMBER/>
      <ENTRYCHECKPOSTLOCATION/>
      <EXITCHECKPOSTLOCATION/>
      <VATTDSDEDUCTORNAME/>
      <VCHENTRYMODE/>
      <ENTEREDBY/>
      <VOUCHERTYPEORIGNAME/>
      <DIFFACTUALQTY>No</DIFFACTUALQTY>
      <ISMSTFROMSYNC>No</ISMSTFROMSYNC>
      <ASORIGINAL>No</ASORIGINAL>
      <AUDITED>No</AUDITED>
      <FORJOBCOSTING>No</FORJOBCOSTING>
      <ISOPTIONAL>No</ISOPTIONAL>
      <EFFECTIVEDATE>20210822</EFFECTIVEDATE>
      <USEFOREXCISE>No</USEFOREXCISE>
      <ISFORJOBWORKIN>No</ISFORJOBWORKIN>
      <ALLOWCONSUMPTION>No</ALLOWCONSUMPTION>
      <USEFORINTEREST>No</USEFORINTEREST>
      <USEFORGAINLOSS>No</USEFORGAINLOSS>
      <USEFORGODOWNTRANSFER>No</USEFORGODOWNTRANSFER>
      <USEFORCOMPOUND>No</USEFORCOMPOUND>
      <USEFORSERVICETAX>No</USEFORSERVICETAX>
      <ISDELETED>No</ISDELETED>
      <ISONHOLD>No</ISONHOLD>
      <ISBOENOTAPPLICABLE>No</ISBOENOTAPPLICABLE>
      <ISEXCISEVOUCHER>No</ISEXCISEVOUCHER>
      <EXCISETAXOVERRIDE>No</EXCISETAXOVERRIDE>
      <USEFORTAXUNITTRANSFER>No</USEFORTAXUNITTRANSFER>
      <IGNOREPOSVALIDATION>No</IGNOREPOSVALIDATION>
      <EXCISEOPENING>No</EXCISEOPENING>
      <USEFORFINALPRODUCTION>No</USEFORFINALPRODUCTION>
      <ISTDSOVERRIDDEN>No</ISTDSOVERRIDDEN>
      <ISTCSOVERRIDDEN>No</ISTCSOVERRIDDEN>
      <ISTDSTCSCASHVCH>No</ISTDSTCSCASHVCH>
      <INCLUDEADVPYMTVCH>No</INCLUDEADVPYMTVCH>
      <ISSUBWORKSCONTRACT>No</ISSUBWORKSCONTRACT>
      <ISVATOVERRIDDEN>No</ISVATOVERRIDDEN>
      <IGNOREORIGVCHDATE>No</IGNOREORIGVCHDATE>
      <ISVATPAIDATCUSTOMS>No</ISVATPAIDATCUSTOMS>
      <ISDECLAREDTOCUSTOMS>No</ISDECLAREDTOCUSTOMS>
      <ISSERVICETAXOVERRIDDEN>No</ISSERVICETAXOVERRIDDEN>
      <ISISDVOUCHER>No</ISISDVOUCHER>
      <ISEXCISEOVERRIDDEN>No</ISEXCISEOVERRIDDEN>
      <ISEXCISESUPPLYVCH>No</ISEXCISESUPPLYVCH>
      <ISGSTOVERRIDDEN>No</ISGSTOVERRIDDEN>
      <GSTNOTEXPORTED>No</GSTNOTEXPORTED>
      <IGNOREGSTINVALIDATION>No</IGNOREGSTINVALIDATION>
      <ISGSTREFUND>No</ISGSTREFUND>
      <ISGSTSECSEVENAPPLICABLE>No</ISGSTSECSEVENAPPLICABLE>
      <ISVATPRINCIPALACCOUNT>No</ISVATPRINCIPALACCOUNT>
      <IGNOREEINVVALIDATION>No</IGNOREEINVVALIDATION>
      <IRNJSONEXPORTED>No</IRNJSONEXPORTED>
      <IRNCANCELLED>No</IRNCANCELLED>
      <ISSHIPPINGWITHINSTATE>No</ISSHIPPINGWITHINSTATE>
      <ISOVERSEASTOURISTTRANS>No</ISOVERSEASTOURISTTRANS>
      <ISDESIGNATEDZONEPARTY>No</ISDESIGNATEDZONEPARTY>
      <ISCANCELLED>No</ISCANCELLED>
      <HASCASHFLOW>Yes</HASCASHFLOW>
      <ISPOSTDATED>No</ISPOSTDATED>
      <USETRACKINGNUMBER>No</USETRACKINGNUMBER>
      <ISINVOICE>No</ISINVOICE>
      <MFGJOURNAL>No</MFGJOURNAL>
      <HASDISCOUNTS>No</HASDISCOUNTS>
      <ASPAYSLIP>No</ASPAYSLIP>
      <ISCOSTCENTRE>No</ISCOSTCENTRE>
      <ISSTXNONREALIZEDVCH>No</ISSTXNONREALIZEDVCH>
      <ISEXCISEMANUFACTURERON>No</ISEXCISEMANUFACTURERON>
      <ISBLANKCHEQUE>No</ISBLANKCHEQUE>
      <ISVOID>No</ISVOID>
      <ORDERLINESTATUS>No</ORDERLINESTATUS>
      <VATISAGNSTCANCSALES>No</VATISAGNSTCANCSALES>
      <VATISPURCEXEMPTED>No</VATISPURCEXEMPTED>
      <ISVATRESTAXINVOICE>No</ISVATRESTAXINVOICE>
      <VATISASSESABLECALCVCH>No</VATISASSESABLECALCVCH>
      <ISVATDUTYPAID>Yes</ISVATDUTYPAID>
      <ISDELIVERYSAMEASCONSIGNEE>No</ISDELIVERYSAMEASCONSIGNEE>
      <ISDISPATCHSAMEASCONSIGNOR>No</ISDISPATCHSAMEASCONSIGNOR>
      <ISDELETEDVCHRETAINED>No</ISDELETEDVCHRETAINED>
      <CHANGEVCHMODE>No</CHANGEVCHMODE>
      <RESETIRNQRCODE>No</RESETIRNQRCODE>
      <ALTERID> 570</ALTERID>
      <MASTERID> 337</MASTERID>
      <VOUCHERKEY>190821101994048</VOUCHERKEY>
      <ECFEERATE>0</ECFEERATE>
      <VATCONSIGNMENTNO>0</VATCONSIGNMENTNO>
      <QRCODECRC>0</QRCODECRC>
      <VATTDSRATE>0</VATTDSRATE>
      <BONDAMOUNT/>
      <POSCASHRECEIVED/>
      <CUSTOMDUTYPAID/>
      <VATPARTYITCCLAIMED/>
      <VATPARTYTAXLIABILITY/>
      <VALUEOFWORKSCONTRACT/>
      <ECFEEAMOUNT/>
      <ECFEEDEPOSITBYAWARDER/>
      <ECFEEDEPOSITBYCONTRACTOR/>
      <TDSDEDUCTED/>
      <VALUEOFSUBWORKSCONT/>
      <VATTDSAMT/>
      <ADJPARTYINVOICEVALUE/>
      <GSTINVASSESSABLEVALUE/>
      <VATGOODSVALUE/>
      <EXCHGRATE/>
      <PROCESSINGDURATION/>
      <TEMPGSTEWAYCONSIGNORADDRESSTYPE/>
      <TEMPGSTEWAYCONSIGNEEADDRESSTYPE/>
      <EIDEFAULTLED_ISZRBASICSERVICE/>
      <PREVBOMNAME/>
      <CURBOMNAME/>
      <COMMONNATUREOFPAYMENT/>
      <TEMPISVCHSUPPLFILLED/>
      <CURRPARTYLEDGERNAME/>
      <CURRBASICBUYERNAME/>
      <CURRPARTYNAME/>
      <CURRBUYERADDRESSTYPE/>
      <CURRPARTYADDRESSTYPE/>
      <CURRSTATENAME/>
      <CURRBASICPURCHASEORDERNO/>
      <CURRBASICSHIPDELIVERYNOTE/>
      <POSSTAXPARTYLEDGERNAME/>
      <ISCSTAGTFORMC/>
      <EIDEFAULTLED_ISUSERDEFINED/>
      <EIDEFAULTLED_CLASSNAME/>
      <EIDEFAULTLED_CLASSRATE>0</EIDEFAULTLED_CLASSRATE>
      <EIDEFAULTLED_CLASSADDLRATE>0</EIDEFAULTLED_CLASSADDLRATE>
      <TEMPVATCLASSIFICATION/>
      <ISATTDDATAPRESERVED/>
      <TEMPGSTEWAYBILLNUMBER/>
      <TEMPGSTEWAYBILLDATE/>
      <TEMPGSTEWAYSUBTYPE/>
      <TEMPGSTEWAYDOCUMENTTYPE/>
      <TEMPGSTEWAYSTATUS/>
      <TEMPGSTEWAYCONSIGNOR/>
      <TEMPGSTEWAYCONSIGNORADDRESS/>
      <TEMPGSTEWAYFROMPLACE/>
      <TEMPCONSIGNORPINCODENUMBER>0</TEMPCONSIGNORPINCODENUMBER>
      <TEMPGSTEWAYPINCODENUMBER>0</TEMPGSTEWAYPINCODENUMBER>
      <TEMPGSTEWAYPINCODE/>
      <TEMPGSTEWAYCONSIGNORTIN/>
      <TEMPGSTEWAYCONSIGNORSTATE/>
      <TEMPGSTEWAYCONSSHIPFROMSTATE/>
      <TEMPGSTEWAYCONSIGNEE/>
      <TEMPGSTEWAYCONSADDRESS/>
      <TEMPGSTEWAYCONSFROMPLACE/>
      <TEMPGSTEWAYCONSPINCODENUMBER>0</TEMPGSTEWAYCONSPINCODENUMBER>
      <TEMPCONSIGNEEPINCODENUMBER>0</TEMPCONSIGNEEPINCODENUMBER>
      <TEMPGSTEWAYCONSPINCODE/>
      <TEMPGSTEWAYCONSTIN/>
      <TEMPGSTEWAYCONSSTATE/>
      <TEMPGSTEWAYCONSSHIPTOSTATE/>
      <TEMPGSTEWAYTRANSPORTMODE/>
      <TEMPGSTEWAYDISTANCE>0</TEMPGSTEWAYDISTANCE>
      <TEMPGSTEWAYTRANSPORTERNAME/>
      <TEMPGSTEWAYVEHICLENUMBER/>
      <TEMPGSTEWAYTRANSPORTERID/>
      <TEMPGSTEWAYTRANSPORTERDOCNO/>
      <TEMPGSTEWAYTRANSPORTERDOCDATE/>
      <TEMPGSTEWAYVEHICLETYPE/>
      <TEMPGSTEWAYCONSBILLNUMBER/>
      <TEMPGSTEWAYCONSBILLDATE/>
      <TEMPISUSERDEFINEDCLASS/>
      <TEMPCLASSNATURE/>
      <TEMPGSTOVRDNINELIGIBLEITC/>
      <TEMPGSTOVRDNISREVCHARGEAPPL/>
      <TEMPGSTOVRDNTAXABILITY/>
      <TEMPGSTOVRDNISREVCHARGEAPPLSTR/>
      <TEMPGSTOVRDNINELIGIBLEITCSTR/>
      <TEMPGSTVCHDESTINATIONSTATE/>
      <TEMPGSTPARTYLEDLOCTYPE/>
      <TEMPGSTPARTYDEALERTYPE/>
      <TEMPGSTRISCOMMONPARTY/>
      <TEMPGSTRCOUNTRY/>
      <TEMPGSTRSTATE/>
      <TEMPGSTRTIN/>
      <TEMPGSTRDEALERTYPE/>
      <CURRGSTCOUNTRY/>
      <EWAYBILLDETAILS.LIST>      </EWAYBILLDETAILS.LIST>
      <EXCLUDEDTAXATIONS.LIST>      </EXCLUDEDTAXATIONS.LIST>
      <OLDAUDITENTRIES.LIST>      </OLDAUDITENTRIES.LIST>
      <ACCOUNTAUDITENTRIES.LIST>      </ACCOUNTAUDITENTRIES.LIST>
      <AUDITENTRIES.LIST>      </AUDITENTRIES.LIST>
      <DUTYHEADDETAILS.LIST>      </DUTYHEADDETAILS.LIST>
      <SUPPLEMENTARYDUTYHEADDETAILS.LIST>      </SUPPLEMENTARYDUTYHEADDETAILS.LIST>
      <IRNERRORLIST.LIST>      </IRNERRORLIST.LIST>
      <INVOICEDELNOTES.LIST>      </INVOICEDELNOTES.LIST>
      <INVOICEORDERLIST.LIST>      </INVOICEORDERLIST.LIST>
      <INVOICEINDENTLIST.LIST>      </INVOICEINDENTLIST.LIST>
      <ATTENDANCEENTRIES.LIST>      </ATTENDANCEENTRIES.LIST>
      <ORIGINVOICEDETAILS.LIST>      </ORIGINVOICEDETAILS.LIST>
      <INVOICEEXPORTLIST.LIST>      </INVOICEEXPORTLIST.LIST>
      <ALLLEDGERENTRIES.LIST>
       <OLDAUDITENTRYIDS.LIST TYPE="Number">
        <OLDAUDITENTRYIDS>-1</OLDAUDITENTRYIDS>
       </OLDAUDITENTRYIDS.LIST>
       <ORIGPURCHINVDATE/>
       <NARRATION/>
       <ADDLALLOCTYPE/>
       <TAXCLASSIFICATIONNAME/>
       <NOTIFICATIONSLNO/>
       <SWIFTCODE/>
       <ROUNDTYPE/>
       <LEDGERNAME>D.R &amp; Company HR</LEDGERNAME>
       <TAXUNITNAME/>
       <STATNATURENAME/>
       <GOODSTYPE/>
       <METHODTYPE/>
       <CLASSRATE/>
       <STATCLASSIFICATIONNAME/>
       <EXCISECLASSIFICATIONNAME/>
       <ISZRBASICSERVICE/>
       <VATCOMMODITYNAME/>
       <SCHEDULE/>
       <SCHEDULESERIALNUMBER/>
       <VATCOMMODITYCODE/>
       <VATSUBCOMMODITYCODE/>
       <VATTRADENAME/>
       <VATMAJORCOMMODITYNAME/>
       <TDSPARTYNAME/>
       <VATPARTYORGNAME/>
       <XBRLADJTYPE/>
       <VOUCHERFBTCATEGORY/>
       <TYPEOFTAXPAYMENT/>
       <VATCALCULATIONTYPE/>
       <VATWORKSCONTRACTTYPE/>
       <VATWCDESCRIPTION/>
       <GSTCLASS/>
       <SCHVIADJTYPE/>
       <GSTOVRDNCLASSIFICATION/>
       <GSTOVRDNNATURE/>
       <GSTOVRDNINELIGIBLEITC/>
       <GSTOVRDNISREVCHARGEAPPL/>
       <GSTOVRDNTAXABILITY/>
       <GSTHSNSACCODE/>
       <VATGOODSNATURE/>
       <POSPAYMENTTYPE/>
       <GSTPARTYLEDGER/>
       <ORIGPURCHPARTY/>
       <ORIGPURCHPARTYADDRESS/>
       <ORIGPURCHINVNO/>
       <ORIGPURCHNOTE/>
       <ISDEEMEDPOSITIVE>No</ISDEEMEDPOSITIVE>
       <LEDGERFROMITEM>No</LEDGERFROMITEM>
       <REMOVEZEROENTRIES>No</REMOVEZEROENTRIES>
       <ISPARTYLEDGER>Yes</ISPARTYLEDGER>
       <ISLASTDEEMEDPOSITIVE>No</ISLASTDEEMEDPOSITIVE>
       <ISCAPVATTAXALTERED>No</ISCAPVATTAXALTERED>
       <ISCAPVATNOTCLAIMED>No</ISCAPVATNOTCLAIMED>
       <STCRADJPERCENT>0</STCRADJPERCENT>
       <ROUNDLIMIT>0</ROUNDLIMIT>
       <RATEOFADDLVAT>0</RATEOFADDLVAT>
       <RATEOFCESSONVAT>0</RATEOFCESSONVAT>
       <VATTAXRATE>0</VATTAXRATE>
       <VATITEMQTY>0</VATITEMQTY>
       <PREVINVTOTALNUM>0</PREVINVTOTALNUM>
       <VATWCDEDUCTIONRATE>0</VATWCDEDUCTIONRATE>
       <GSTTAXRATE>0</GSTTAXRATE>
       <ORIGINVGOODSQTY>0</ORIGINVGOODSQTY>
       <CAPVATTAXRATE>0</CAPVATTAXRATE>
       <AMOUNT>5000.00</AMOUNT>
       <FBTEXEMPTAMOUNT/>
       <VATASSESSABLEVALUE/>
       <VATWCCOSTOFLAND/>
       <VATWCDEDLABOURCHARGES/>
       <VATWCOTHERDEDUCTIONAMT/>
       <VATWCVALUEOFTAXFREEGOODS/>
       <VATWCOTHERCHARGES/>
       <VATWCSUBCONTRACTORAMT/>
       <PREVAMOUNT/>
       <PREVINVTOTALAMT/>
       <VATWCDEDUCTIONAMOUNT/>
       <ORIGINVGOODSVALUE/>
       <CENVATCAPTINPUTAMT/>
       <GSTASSESSABLEVALUE/>
       <IGSTLIABILITY/>
       <CGSTLIABILITY/>
       <SGSTLIABILITY/>
       <GSTCESSLIABILITY/>
       <GSTOVRDNASSESSABLEVALUE/>
       <GSTASSBLVALUE/>
       <ORIGINVGOODSTAXVALUE/>
       <VATWCESTABLISHMENTCOST/>
       <VATWCCONTRACTORPROFIT/>
       <VATWCPLANNINGDESIGNFEES/>
       <VATWCMACHINERYTOOLSCHARGES/>
       <VATWCCONSUMABLESCOST/>
       <VATEXPAMOUNT/>
       <VATASSBLVALUE/>
       <VATACCEPTEDTAXAMT/>
       <VATACCEPTEDADDLTAXAMT/>
       <CASHRECEIVED/>
       <CAPVATASSEABLEVALUE/>
       <CAPVATTAXVALUE/>
       <ORIGPURCHVALUE/>
       <SUPPLYMARGVAL/>
       <DENOMINATIONCOUNT2000X>0</DENOMINATIONCOUNT2000X>
       <DENOMINATIONCOUNT1000X>0</DENOMINATIONCOUNT1000X>
       <DENOMINATIONCOUNT500X>0</DENOMINATIONCOUNT500X>
       <DENOMINATIONCOUNT200X>0</DENOMINATIONCOUNT200X>
       <DENOMINATIONCOUNT100X>0</DENOMINATIONCOUNT100X>
       <DENOMINATIONCOUNT50X>0</DENOMINATIONCOUNT50X>
       <DENOMINATIONCOUNT20X>0</DENOMINATIONCOUNT20X>
       <DENOMINATIONCOUNT10X>0</DENOMINATIONCOUNT10X>
       <DENOMINATIONCOUNT5X>0</DENOMINATIONCOUNT5X>
       <DENOMINATIONCOUNT2X>0</DENOMINATIONCOUNT2X>
       <DENOMINATIONCOUNT1X>0</DENOMINATIONCOUNT1X>
       <DENOMINATIONAMOUNTOTHERS/>
       <CURRPARTYLEDGERNAME/>
       <TEMPVATCLASSIFICATION/>
       <INVOICEROUNDINGDIFFVAL/>
       <VATGCCTAXAMOUNT/>
       <GSTCOMPDUTYAMOUNT/>
       <EXCISETEMPDUTYVAL/>
       <ISVATADJLEDGER/>
       <VATASSESMENTATE>0</VATASSESMENTATE>
       <GSTLEDGERDISCOUNT/>
       <GVATLEDGEREXCISE/>
       <GSTDUTYAMOUNT/>
       <RBVATTAXAMOUNT/>
       <SALESCESSTAXAMOUNT/>
       <SERVICETAXDETAILS.LIST>       </SERVICETAXDETAILS.LIST>
       <BANKALLOCATIONS.LIST>       </BANKALLOCATIONS.LIST>
       <BILLALLOCATIONS.LIST>
        <YEAREND/>
        <NAME>9</NAME>
        <BILLCREDITPERIOD/>
        <TDSDEDUCTEESECTIONNUMBER/>
        <TDSLEDGERNC/>
        <SERVICETAXLEDGER/>
        <BILLTYPE>New Ref</BILLTYPE>
        <SUMNAME/>
        <TDSDEDUCTEEISSPECIALRATE>No</TDSDEDUCTEEISSPECIALRATE>
        <TDSDEDUCTEESPECIALRATE>0</TDSDEDUCTEESPECIALRATE>
        <AMOUNT>5000.00</AMOUNT>
        <INTERESTCOLLECTION.LIST>        </INTERESTCOLLECTION.LIST>
        <STBILLCATEGORIES.LIST>        </STBILLCATEGORIES.LIST>
       </BILLALLOCATIONS.LIST>
       <INTERESTCOLLECTION.LIST>       </INTERESTCOLLECTION.LIST>
       <OLDAUDITENTRIES.LIST>       </OLDAUDITENTRIES.LIST>
       <ACCOUNTAUDITENTRIES.LIST>       </ACCOUNTAUDITENTRIES.LIST>
       <AUDITENTRIES.LIST>       </AUDITENTRIES.LIST>
       <INPUTCRALLOCS.LIST>       </INPUTCRALLOCS.LIST>
       <DUTYHEADDETAILS.LIST>       </DUTYHEADDETAILS.LIST>
       <EXCISEDUTYHEADDETAILS.LIST>       </EXCISEDUTYHEADDETAILS.LIST>
       <RATEDETAILS.LIST>       </RATEDETAILS.LIST>
       <SUMMARYALLOCS.LIST>       </SUMMARYALLOCS.LIST>
       <STPYMTDETAILS.LIST>       </STPYMTDETAILS.LIST>
       <EXCISEPAYMENTALLOCATIONS.LIST>       </EXCISEPAYMENTALLOCATIONS.LIST>
       <TAXBILLALLOCATIONS.LIST>       </TAXBILLALLOCATIONS.LIST>
       <TAXOBJECTALLOCATIONS.LIST>       </TAXOBJECTALLOCATIONS.LIST>
       <TDSEXPENSEALLOCATIONS.LIST>       </TDSEXPENSEALLOCATIONS.LIST>
       <VATSTATUTORYDETAILS.LIST>       </VATSTATUTORYDETAILS.LIST>
       <COSTTRACKALLOCATIONS.LIST>       </COSTTRACKALLOCATIONS.LIST>
       <REFVOUCHERDETAILS.LIST>       </REFVOUCHERDETAILS.LIST>
       <INVOICEWISEDETAILS.LIST>       </INVOICEWISEDETAILS.LIST>
       <VATITCDETAILS.LIST>       </VATITCDETAILS.LIST>
       <ADVANCETAXDETAILS.LIST>       </ADVANCETAXDETAILS.LIST>
      </ALLLEDGERENTRIES.LIST>
      <ALLLEDGERENTRIES.LIST>
       <OLDAUDITENTRYIDS.LIST TYPE="Number">
        <OLDAUDITENTRYIDS>-1</OLDAUDITENTRYIDS>
       </OLDAUDITENTRYIDS.LIST>
       <ORIGPURCHINVDATE/>
       <NARRATION/>
       <ADDLALLOCTYPE/>
       <TAXCLASSIFICATIONNAME/>
       <NOTIFICATIONSLNO/>
       <SWIFTCODE/>
       <ROUNDTYPE/>
       <LEDGERNAME>CASH</LEDGERNAME>
       <TAXUNITNAME/>
       <STATNATURENAME/>
       <GOODSTYPE/>
       <METHODTYPE/>
       <CLASSRATE/>
       <STATCLASSIFICATIONNAME/>
       <EXCISECLASSIFICATIONNAME/>
       <ISZRBASICSERVICE/>
       <VATCOMMODITYNAME/>
       <SCHEDULE/>
       <SCHEDULESERIALNUMBER/>
       <VATCOMMODITYCODE/>
       <VATSUBCOMMODITYCODE/>
       <VATTRADENAME/>
       <VATMAJORCOMMODITYNAME/>
       <TDSPARTYNAME/>
       <VATPARTYORGNAME/>
       <XBRLADJTYPE/>
       <VOUCHERFBTCATEGORY/>
       <TYPEOFTAXPAYMENT/>
       <VATCALCULATIONTYPE/>
       <VATWORKSCONTRACTTYPE/>
       <VATWCDESCRIPTION/>
       <GSTCLASS/>
       <SCHVIADJTYPE/>
       <GSTOVRDNCLASSIFICATION/>
       <GSTOVRDNNATURE/>
       <GSTOVRDNINELIGIBLEITC/>
       <GSTOVRDNISREVCHARGEAPPL/>
       <GSTOVRDNTAXABILITY/>
       <GSTHSNSACCODE/>
       <VATGOODSNATURE/>
       <POSPAYMENTTYPE/>
       <GSTPARTYLEDGER/>
       <ORIGPURCHPARTY/>
       <ORIGPURCHPARTYADDRESS/>
       <ORIGPURCHINVNO/>
       <ORIGPURCHNOTE/>
       <ISDEEMEDPOSITIVE>Yes</ISDEEMEDPOSITIVE>
       <LEDGERFROMITEM>No</LEDGERFROMITEM>
       <REMOVEZEROENTRIES>No</REMOVEZEROENTRIES>
       <ISPARTYLEDGER>Yes</ISPARTYLEDGER>
       <ISLASTDEEMEDPOSITIVE>Yes</ISLASTDEEMEDPOSITIVE>
       <ISCAPVATTAXALTERED>No</ISCAPVATTAXALTERED>
       <ISCAPVATNOTCLAIMED>No</ISCAPVATNOTCLAIMED>
       <STCRADJPERCENT>0</STCRADJPERCENT>
       <ROUNDLIMIT>0</ROUNDLIMIT>
       <RATEOFADDLVAT>0</RATEOFADDLVAT>
       <RATEOFCESSONVAT>0</RATEOFCESSONVAT>
       <VATTAXRATE>0</VATTAXRATE>
       <VATITEMQTY>0</VATITEMQTY>
       <PREVINVTOTALNUM>0</PREVINVTOTALNUM>
       <VATWCDEDUCTIONRATE>0</VATWCDEDUCTIONRATE>
       <GSTTAXRATE>0</GSTTAXRATE>
       <ORIGINVGOODSQTY>0</ORIGINVGOODSQTY>
       <CAPVATTAXRATE>0</CAPVATTAXRATE>
       <AMOUNT>-5000.00</AMOUNT>
       <FBTEXEMPTAMOUNT/>
       <VATASSESSABLEVALUE/>
       <VATWCCOSTOFLAND/>
       <VATWCDEDLABOURCHARGES/>
       <VATWCOTHERDEDUCTIONAMT/>
       <VATWCVALUEOFTAXFREEGOODS/>
       <VATWCOTHERCHARGES/>
       <VATWCSUBCONTRACTORAMT/>
       <PREVAMOUNT/>
       <PREVINVTOTALAMT/>
       <VATWCDEDUCTIONAMOUNT/>
       <ORIGINVGOODSVALUE/>
       <CENVATCAPTINPUTAMT/>
       <GSTASSESSABLEVALUE/>
       <IGSTLIABILITY/>
       <CGSTLIABILITY/>
       <SGSTLIABILITY/>
       <GSTCESSLIABILITY/>
       <GSTOVRDNASSESSABLEVALUE/>
       <GSTASSBLVALUE/>
       <ORIGINVGOODSTAXVALUE/>
       <VATWCESTABLISHMENTCOST/>
       <VATWCCONTRACTORPROFIT/>
       <VATWCPLANNINGDESIGNFEES/>
       <VATWCMACHINERYTOOLSCHARGES/>
       <VATWCCONSUMABLESCOST/>
       <VATEXPAMOUNT/>
       <VATASSBLVALUE/>
       <VATACCEPTEDTAXAMT/>
       <VATACCEPTEDADDLTAXAMT/>
       <CASHRECEIVED/>
       <CAPVATASSEABLEVALUE/>
       <CAPVATTAXVALUE/>
       <ORIGPURCHVALUE/>
       <SUPPLYMARGVAL/>
       <DENOMINATIONCOUNT2000X>0</DENOMINATIONCOUNT2000X>
       <DENOMINATIONCOUNT1000X>0</DENOMINATIONCOUNT1000X>
       <DENOMINATIONCOUNT500X>0</DENOMINATIONCOUNT500X>
       <DENOMINATIONCOUNT200X>0</DENOMINATIONCOUNT200X>
       <DENOMINATIONCOUNT100X>0</DENOMINATIONCOUNT100X>
       <DENOMINATIONCOUNT50X>0</DENOMINATIONCOUNT50X>
       <DENOMINATIONCOUNT20X>0</DENOMINATIONCOUNT20X>
       <DENOMINATIONCOUNT10X>0</DENOMINATIONCOUNT10X>
       <DENOMINATIONCOUNT5X>0</DENOMINATIONCOUNT5X>
       <DENOMINATIONCOUNT2X>0</DENOMINATIONCOUNT2X>
       <DENOMINATIONCOUNT1X>0</DENOMINATIONCOUNT1X>
       <DENOMINATIONAMOUNTOTHERS/>
       <CURRPARTYLEDGERNAME/>
       <TEMPVATCLASSIFICATION/>
       <INVOICEROUNDINGDIFFVAL/>
       <VATGCCTAXAMOUNT/>
       <GSTCOMPDUTYAMOUNT/>
       <EXCISETEMPDUTYVAL/>
       <ISVATADJLEDGER/>
       <VATASSESMENTATE>0</VATASSESMENTATE>
       <GSTLEDGERDISCOUNT/>
       <GVATLEDGEREXCISE/>
       <GSTDUTYAMOUNT/>
       <RBVATTAXAMOUNT/>
       <SALESCESSTAXAMOUNT/>
       <SERVICETAXDETAILS.LIST>       </SERVICETAXDETAILS.LIST>
       <BANKALLOCATIONS.LIST>       </BANKALLOCATIONS.LIST>
       <BILLALLOCATIONS.LIST>       </BILLALLOCATIONS.LIST>
       <INTERESTCOLLECTION.LIST>       </INTERESTCOLLECTION.LIST>
       <OLDAUDITENTRIES.LIST>       </OLDAUDITENTRIES.LIST>
       <ACCOUNTAUDITENTRIES.LIST>       </ACCOUNTAUDITENTRIES.LIST>
       <AUDITENTRIES.LIST>       </AUDITENTRIES.LIST>
       <INPUTCRALLOCS.LIST>       </INPUTCRALLOCS.LIST>
       <DUTYHEADDETAILS.LIST>       </DUTYHEADDETAILS.LIST>
       <EXCISEDUTYHEADDETAILS.LIST>       </EXCISEDUTYHEADDETAILS.LIST>
       <RATEDETAILS.LIST>       </RATEDETAILS.LIST>
       <SUMMARYALLOCS.LIST>       </SUMMARYALLOCS.LIST>
       <STPYMTDETAILS.LIST>       </STPYMTDETAILS.LIST>
       <EXCISEPAYMENTALLOCATIONS.LIST>       </EXCISEPAYMENTALLOCATIONS.LIST>
       <TAXBILLALLOCATIONS.LIST>       </TAXBILLALLOCATIONS.LIST>
       <TAXOBJECTALLOCATIONS.LIST>       </TAXOBJECTALLOCATIONS.LIST>
       <TDSEXPENSEALLOCATIONS.LIST>       </TDSEXPENSEALLOCATIONS.LIST>
       <VATSTATUTORYDETAILS.LIST>       </VATSTATUTORYDETAILS.LIST>
       <COSTTRACKALLOCATIONS.LIST>       </COSTTRACKALLOCATIONS.LIST>
       <REFVOUCHERDETAILS.LIST>       </REFVOUCHERDETAILS.LIST>
       <INVOICEWISEDETAILS.LIST>       </INVOICEWISEDETAILS.LIST>
       <VATITCDETAILS.LIST>       </VATITCDETAILS.LIST>
       <ADVANCETAXDETAILS.LIST>       </ADVANCETAXDETAILS.LIST>
      </ALLLEDGERENTRIES.LIST>
      <PAYROLLMODEOFPAYMENT.LIST>      </PAYROLLMODEOFPAYMENT.LIST>
      <ATTDRECORDS.LIST>      </ATTDRECORDS.LIST>
      <GSTEWAYCONSIGNORADDRESS.LIST>      </GSTEWAYCONSIGNORADDRESS.LIST>
      <GSTEWAYCONSIGNEEADDRESS.LIST>      </GSTEWAYCONSIGNEEADDRESS.LIST>
      <TEMPGSTRATEDETAILS.LIST>      </TEMPGSTRATEDETAILS.LIST>
     </VOUCHER>
    </TALLYMESSAGE>
    <TALLYMESSAGE xmlns:UDF="TallyUDF">
     <VOUCHER REMOTEID="0104ec5d-3a78-4045-b472-e46e6308b8a0-0000015d" VCHKEY="0104ec5d-3a78-4045-b472-e46e6308b8a0-0000ad8d:000000a0" VCHTYPE="Receipt" ACTION="Create" OBJVIEW="Accounting Voucher View">
      <OLDAUDITENTRYIDS.LIST TYPE="Number">
       <OLDAUDITENTRYIDS>-1</OLDAUDITENTRYIDS>
      </OLDAUDITENTRYIDS.LIST>
      <ACTIVETO/>
      <ALTEREDON/>
      <DATE>20210822</DATE>
      <LUTDATEOFISSUE/>
      <LUTEXPIRYDATE/>
      <BONDDATEOFISSUE/>
      <BONDEXPIRYDATE/>
      <TAXCHEQUEDATE/>
      <TAXCHALLANDATE/>
      <REFERENCEDATE/>
      <SHIPPINGBILLDATE/>
      <BILLOFENTRYDATE/>
      <VATPARTYTRANSRETURNDATE/>
      <RECONCILATIONDATE/>
      <FORM16ISSUEDATE/>
      <CSTFORMISSUEDATE/>
      <CSTFORMRECVDATE/>
      <CERTIFICATEDATE/>
      <FBTFROMDATE/>
      <FBTTODATE/>
      <RETURNINVOICEDATE/>
      <AGGREMENTORDERDATE/>
      <GOODSRCPTDATE/>
      <LORRYRECPTDATE/>
      <TRANSSALELANDINGDATE/>
      <TRANSBUYERLANDINGDATE/>
      <CREDITLETTERDATE/>
      <AIRWAYBILLDATE/>
      <VATORDERDATE/>
      <INVDELIVERYDATE/>
      <BILLOFLADINGDATE/>
      <VATDEPOSITDATE/>
      <VATDOCUMENTDATE/>
      <VATCHALLANDATE/>
      <ECDATE/>
      <VATTDSDATE/>
      <ADJFROMDATE/>
      <ADJTODATE/>
      <VATDDCHEQUEDATE/>
      <TAXPAYPERIODFROMDATE/>
      <TAXPAYPERIODTODATE/>
      <STTAXCHALLANDATE/>
      <GSTCHALLANDATE/>
      <GSTCHALLANEXPIRYDATE/>
      <ADJPARTYINVOICEDATE/>
      <ADJPARTYPAYMENTDATE/>
      <PARTYORDERDATE/>
      <ADVANCERECEIPTDATE/>
      <REFUNDVOUCHERDATE/>
      <IRNACKDATE/>
      <IRNCANCELDATE/>
      <VATSUBMISSIONDATE/>
      <PARTYINVDATE/>
      <INSPDOCDATE/>
      <VATCANCINVDATE/>
      <VATGOODSRECEIPTDATE/>
      <VATCSTE1DATE/>
      <DISPATCHDATE/>
      <AUDITEDON/>
      <GUID>0104ec5d-3a78-4045-b472-e46e6308b8a0-0000015d</GUID>
      <GSTREGISTRATIONTYPE/>
      <VATDEALERTYPE/>
      <STATENAME/>
      <PRICELEVEL/>
      <TDSNATUREOFPAYMENT/>
      <AUTOCOSTLEVEL/>
      <NARRATION/>
      <REQUESTORRULE/>
      <ALTEREDBY/>
      <COUNTRYOFRESIDENCE/>
      <IMPORTEREXPORTERCODE/>
      <PARTYGSTIN/>
      <NATUREOFSALES/>
      <EXCISENOTIFICATIONNO/>
      <PLACEOFSUPPLY/>
      <LUTNUMBER/>
      <BONDNUMBER/>
      <AUTHORITYNAME/>
      <AUTHORITYADDRESS/>
      <TAXUNITNAME/>
      <EXCISEUNITNAME/>
      <CLASSNAME/>
      <POSCARDLEDGER/>
      <POSCASHLEDGER/>
      <POSGIFTLEDGER/>
      <POSCHEQUELEDGER/>
      <EXCISECLASSIFICATIONNAME/>
      <TDSSECTIONNO/>
      <TDSDEDNSTATUS/>
      <TAXBANKCHALLANNUMBER/>
      <TAXCHALLANBSRCODE/>
      <TAXCHEQUENUMBER/>
      <TAXBANKNAME/>
      <TAXBANKBRANCHNAME/>
      <PARTYNAME/>
      <PARTYLEDGERNAME>Dinesh &amp; Sons</PARTYLEDGERNAME>
      <GSTACTIVITYSTATUS/>
      <TAXADJUSTMENT/>
      <BUYERADDRESSTYPE/>
      <PORTCODE/>
      <SHIPPINGBILLNO/>
      <BILLOFENTRYNO/>
      <VATPARTYTRANSRETURNNUMBER/>
      <URDORIGINALSALEVALUE/>
      <GSTNATUREOFRETURN/>
      <VOUCHERTYPENAME>Receipt</VOUCHERTYPENAME>
      <REFERENCE/>
      <VOUCHERNUMBER>10</VOUCHERNUMBER>
      <BASICBASEPARTYNAME/>
      <BASICVOUCHERCHEQUENAME/>
      <BASICVOUCHERCROSSCOMMENT/>
      <EXCHGCURRENCYNAME/>
      <SERIALMASTER/>
      <SERIALNUMBER/>
      <STATADJUSTMENTTYPE/>
      <STATPAYMENTTYPE/>
      <CONSIGNEEIECODE/>
      <SUPPLIERIECODE/>
      <ARESERIALMASTER/>
      <ARESERIALNUMBER/>
      <SUMAUTOVCHNUM/>
      <TAXBANKACCOUNTNUMBER/>
      <CSTFORMISSUETYPE/>
      <CSTFORMISSUENUMBER/>
      <CSTFORMRECVTYPE/>
      <CSTFORMRECVNUMBER/>
      <CONSIGNEECSTNUMBER/>
      <BUYERSCSTNUMBER/>
      <CSTFORMISSUESERIESNUM/>
      <CSTFORMRECVSERIESNUM/>
      <EXCISETREASURYNUMBER/>
      <EXCISETREASURYNAME/>
      <CERTIFICATETYPE/>
      <CERTIFICATENUMBER/>
      <AREFORMTYPE/>
      <DESTINATIONTAXUNIT/>
      <FBTPAYMENTTYPE>Default</FBTPAYMENTTYPE>
      <POSCARDNUMBER/>
      <POSCHEQUENUMBER/>
      <POSCHEQUEBANKNAME/>
      <CHALLANTYPE/>
      <CHEQUEDEPOSITORNAME/>
      <EXCISENOTIFICATIONSERIALNO/>
      <PERSISTEDVIEW>Accounting Voucher View</PERSISTEDVIEW>
      <EXCISETARIFFTYPE/>
      <CONSIGNEELBTREGNNO/>
      <CONSIGNEELBTZONE/>
      <SUPPLIERLBTREGNNO/>
      <SUPPLIERLBTZONE/>
      <LBTMAPPEDCATEGORY/>
      <LBTMAPPEDZONE/>
      <LBTNATUREOFLIABILITY/>
      <CASHPARTYPAN/>
      <CASHPARTYDEDTYPE/>
      <VCHTAXTYPE/>
      <PURPOSEOFPURCHASE/>
      <POINTOFTRANSACTION/>
      <TRANSPORTERNAME/>
      <TRANSPORTMODE/>
      <AGGREMENTORDERNO/>
      <FOREIGNSELLERNAME/>
      <EXPORTERCOUNTRY/>
      <GOODSVEHICLENUMBER/>
      <SHIPNAME/>
      <SHIPAGENTNAME/>
      <CLEARINGAGENTNAME/>
      <LORRYRECPTNO/>
      <CARRIERNAME/>
      <CREDITLETTERREF/>
      <AIRWAYBILLNO/>
      <FWDAGENTNAME/>
      <VATORDERNO/>
      <VATSELLERTIN/>
      <TRANSSOURCEPLACE/>
      <TRANSCATEGORY/>
      <VATDOCUMENTTYPE/>
      <VATTRANSBILLQTY/>
      <VATTRANSBILLNO/>
      <BILLOFLADINGNO/>
      <VATPAIDAGAINST/>
      <VATBANKNAME/>
      <VATBANKBRANCH/>
      <VATDDCHEQUENO/>
      <VATADJUSTMENTTYPE/>
      <VATFORMSTATUS/>
      <VATDOCUMENTNUMBER/>
      <VATSOURCESTATE/>
      <VATDESTINATIONSTATE/>
      <VATDESTINATIONPLACE/>
      <VATPARTYORGTYPE/>
      <VATPARTYTYPE/>
      <VATCHALLANNUMBER/>
      <VATDESIGOFPURCHASER/>
      <VATPURCHASERCPTTYPE/>
      <VATGOODSRCPTNO/>
      <VATPARTYORGNAME/>
      <AIRPORTNAME/>
      <TDNOFAWARDER/>
      <ECNUMBER/>
      <ECISSUINGAUTHORITY/>
      <CONTRACTORTIN/>
      <VATTDSBARCODE/>
      <VATPYMTMODEOFDEPOSIT/>
      <VATPYMTTAXDESC/>
      <VATBANKACCNUMBER/>
      <VATBRANCHCODE/>
      <VATTRANSSOURCE/>
      <VATADJADDLDETAILS/>
      <VATBRANCHNAME/>
      <PRIORITYSTATECONFLICT/>
      <EICHECKPOST/>
      <PORTNAME/>
      <VATEFORMAPPLICABLE/>
      <VATEFORMAPPLICABLENO/>
      <VATINCOURSEOF/>
      <VATDISPATCHTIME/>
      <VATTRANSPORTERADDRESS/>
      <VATCONTRACTEETDN/>
      <VATCONTRACTEEDISTRICT/>
      <VATCONTRACTEENAME/>
      <CONSUMERIDENTIFICATIONNUMBER/>
      <STTVCHRHANDLE/>
      <SRVTREGNUMBER/>
      <TAXPAYMENTTYPE/>
      <STTAXBANKCHALLANNUMBER/>
      <TYPEOFEXCISEVOUCHER/>
      <GSTBANKNAME/>
      <GSTBANKACCOUNTNUMBER/>
      <GSTBANKACCOUNTTYPE/>
      <GSTBANKACCOUNTHOLDER/>
      <GSTBANKBRANCHADDRESS/>
      <GSTBANKIFSCCODE/>
      <GSTBANKMICRCODE/>
      <GSTDEBITDOCNUMBER/>
      <GSTPYMTMODEOFDEPOSIT/>
      <GSTBANKBRANCHNAME/>
      <GSTINSTRUMENTNUMBER/>
      <GSTCHALLANNUMBER/>
      <GSTCPINNUMBER/>
      <GSTCINNUMBER/>
      <ADJPARTYGSTIN/>
      <ADJPARTYINVOICENO/>
      <GSTMERCHANTID/>
      <PARTYORDERNO/>
      <GSTITCREVERSALDETAILS/>
      <GSTITCDOCUMENTTYPE/>
      <GSTADDITIONALDETAILS/>
      <GSTRECONSTATUS/>
      <GSTREASONFORREJECTION/>
      <ADVANCERECEIPTNUMBER/>
      <REFUNDVOUCHERNUMBER/>
      <VCHTAXUNIT/>
      <CONSIGNEEGSTIN/>
      <IRNACKNO/>
      <IRN/>
      <IRNQRCODE/>
      <BILLTOPLACE/>
      <SHIPTOPLACE/>
      <DISPATCHFROMNAME/>
      <DISPATCHFROMADDRESSTYPE/>
      <DISPATCHFROMSTATENAME/>
      <DISPATCHFROMPINCODE/>
      <DISPATCHFROMPLACE/>
      <IRNCANCELREASON/>
      <IRNCANCELCODE/>
      <BASICSHIPPEDBY/>
      <BASICDESTINATIONCOUNTRY/>
      <BASICBUYERNAME/>
      <BASICPLACEOFRECEIPT/>
      <BASICSHIPDOCUMENTNO/>
      <BASICPORTOFLOADING/>
      <BASICPORTOFDISCHARGE/>
      <BASICFINALDESTINATION/>
      <BASICORDERREF/>
      <BASICSHIPVESSELNO/>
      <BASICBUYERSSALESTAXNO/>
      <BASICDUEDATEOFPYMT/>
      <BASICSERIALNUMINPLA/>
      <BASICDATETIMEOFINVOICE/>
      <BASICDATETIMEOFREMOVAL/>
      <PARTYADDRESSTYPE/>
      <MFGRADDRESSTYPE/>
      <TRANSPORTERADDRROOM/>
      <TRANSPORTERADDRBLDG/>
      <TRANSPORTERADDRROAD/>
      <TRANSPORTERADDRAREA/>
      <TRANSPORTERADDRTOWN/>
      <TRANSPORTERADDRDIST/>
      <TRANSPORTERADDRSTATE/>
      <TRANSPORTERADDRPINCODE/>
      <TRANSPORTERADDRPHONE/>
      <TRANSPORTERADDRFAX/>
      <TRANSPORTERVEHICLE2/>
      <TRANSPORTLOCALTIN/>
      <VATCFORMISSUESTATE/>
      <PLACEOFSUPPLYSTATE/>
      <PLACEOFSUPPLYCOUNTRY/>
      <EMIRATEPOS/>
      <PARTYMAILINGNAME/>
      <PARTYPINCODE/>
      <CONSIGNEEMAILINGNAME/>
      <CONSIGNEECOUNTRYNAME/>
      <VCHGSTCLASS/>
      <COSTCENTRENAME/>
      <ADDITIONALNARRATION/>
      <PARTYINVNO/>
      <INSPDOCNO/>
      <SETTLEMENTTYPE/>
      <VOUCHERTIME/>
      <HOLDREFERENCE/>
      <VATCANCINVNO/>
      <VATCANCPURCTIN/>
      <VATCANCPURCNAME/>
      <VATTYPEOFDEVICE/>
      <VATBRIEFDESCRIPTION/>
      <VATDEVICENO/>
      <BUYERPINNUMBER/>
      <VATEXPORTENTRYNO/>
      <CONSIGNEEPINNUMBER/>
      <VATEXEMPTCERTIFICATENO/>
      <VATVEHICLENUMBER/>
      <VATGOODSRECEIPTNUMBER/>
      <VATMOBILENUMBER/>
      <VATCSTE1SERIESNO/>
      <VATCSTE1SERIALNO/>
      <VATPERMITFORM/>
      <VATCERTIFICATENO/>
      <CONSIGNEECIRCLE/>
      <CONSIGNEECITY/>
      <CONSIGNEESTATENAME/>
      <CONSIGNEEPINCODE/>
      <CONSIGNEEMOBILENUMBER/>
      <CONSIGNEEOTHERS/>
      <CONSIGNEEMAIL/>
      <DELIVERYCITY/>
      <DELIVERYPINCODE/>
      <DELIVERYOTHERS/>
      <DELIVERYSTATE/>
      <DISPATCHCITY/>
      <DISPATCHPINCODE/>
      <DESTINATIONPERMITNUMBER/>
      <ENTRYCHECKPOSTLOCATION/>
      <EXITCHECKPOSTLOCATION/>
      <VATTDSDEDUCTORNAME/>
      <VCHENTRYMODE/>
      <ENTEREDBY/>
      <VOUCHERTYPEORIGNAME>Receipt</VOUCHERTYPEORIGNAME>
      <DIFFACTUALQTY>No</DIFFACTUALQTY>
      <ISMSTFROMSYNC>No</ISMSTFROMSYNC>
      <ASORIGINAL>No</ASORIGINAL>
      <AUDITED>No</AUDITED>
      <FORJOBCOSTING>No</FORJOBCOSTING>
      <ISOPTIONAL>No</ISOPTIONAL>
      <EFFECTIVEDATE>20210822</EFFECTIVEDATE>
      <USEFOREXCISE>No</USEFOREXCISE>
      <ISFORJOBWORKIN>No</ISFORJOBWORKIN>
      <ALLOWCONSUMPTION>No</ALLOWCONSUMPTION>
      <USEFORINTEREST>No</USEFORINTEREST>
      <USEFORGAINLOSS>No</USEFORGAINLOSS>
      <USEFORGODOWNTRANSFER>No</USEFORGODOWNTRANSFER>
      <USEFORCOMPOUND>No</USEFORCOMPOUND>
      <USEFORSERVICETAX>No</USEFORSERVICETAX>
      <ISDELETED>No</ISDELETED>
      <ISONHOLD>No</ISONHOLD>
      <ISBOENOTAPPLICABLE>No</ISBOENOTAPPLICABLE>
      <ISEXCISEVOUCHER>No</ISEXCISEVOUCHER>
      <EXCISETAXOVERRIDE>No</EXCISETAXOVERRIDE>
      <USEFORTAXUNITTRANSFER>No</USEFORTAXUNITTRANSFER>
      <IGNOREPOSVALIDATION>No</IGNOREPOSVALIDATION>
      <EXCISEOPENING>No</EXCISEOPENING>
      <USEFORFINALPRODUCTION>No</USEFORFINALPRODUCTION>
      <ISTDSOVERRIDDEN>No</ISTDSOVERRIDDEN>
      <ISTCSOVERRIDDEN>No</ISTCSOVERRIDDEN>
      <ISTDSTCSCASHVCH>No</ISTDSTCSCASHVCH>
      <INCLUDEADVPYMTVCH>No</INCLUDEADVPYMTVCH>
      <ISSUBWORKSCONTRACT>No</ISSUBWORKSCONTRACT>
      <ISVATOVERRIDDEN>No</ISVATOVERRIDDEN>
      <IGNOREORIGVCHDATE>No</IGNOREORIGVCHDATE>
      <ISVATPAIDATCUSTOMS>No</ISVATPAIDATCUSTOMS>
      <ISDECLAREDTOCUSTOMS>No</ISDECLAREDTOCUSTOMS>
      <ISSERVICETAXOVERRIDDEN>No</ISSERVICETAXOVERRIDDEN>
      <ISISDVOUCHER>No</ISISDVOUCHER>
      <ISEXCISEOVERRIDDEN>No</ISEXCISEOVERRIDDEN>
      <ISEXCISESUPPLYVCH>No</ISEXCISESUPPLYVCH>
      <ISGSTOVERRIDDEN>No</ISGSTOVERRIDDEN>
      <GSTNOTEXPORTED>No</GSTNOTEXPORTED>
      <IGNOREGSTINVALIDATION>No</IGNOREGSTINVALIDATION>
      <ISGSTREFUND>No</ISGSTREFUND>
      <ISGSTSECSEVENAPPLICABLE>No</ISGSTSECSEVENAPPLICABLE>
      <ISVATPRINCIPALACCOUNT>No</ISVATPRINCIPALACCOUNT>
      <IGNOREEINVVALIDATION>No</IGNOREEINVVALIDATION>
      <IRNJSONEXPORTED>No</IRNJSONEXPORTED>
      <IRNCANCELLED>No</IRNCANCELLED>
      <ISSHIPPINGWITHINSTATE>No</ISSHIPPINGWITHINSTATE>
      <ISOVERSEASTOURISTTRANS>No</ISOVERSEASTOURISTTRANS>
      <ISDESIGNATEDZONEPARTY>No</ISDESIGNATEDZONEPARTY>
      <ISCANCELLED>No</ISCANCELLED>
      <HASCASHFLOW>Yes</HASCASHFLOW>
      <ISPOSTDATED>No</ISPOSTDATED>
      <USETRACKINGNUMBER>No</USETRACKINGNUMBER>
      <ISINVOICE>No</ISINVOICE>
      <MFGJOURNAL>No</MFGJOURNAL>
      <HASDISCOUNTS>No</HASDISCOUNTS>
      <ASPAYSLIP>No</ASPAYSLIP>
      <ISCOSTCENTRE>No</ISCOSTCENTRE>
      <ISSTXNONREALIZEDVCH>No</ISSTXNONREALIZEDVCH>
      <ISEXCISEMANUFACTURERON>No</ISEXCISEMANUFACTURERON>
      <ISBLANKCHEQUE>No</ISBLANKCHEQUE>
      <ISVOID>No</ISVOID>
      <ORDERLINESTATUS>No</ORDERLINESTATUS>
      <VATISAGNSTCANCSALES>No</VATISAGNSTCANCSALES>
      <VATISPURCEXEMPTED>No</VATISPURCEXEMPTED>
      <ISVATRESTAXINVOICE>No</ISVATRESTAXINVOICE>
      <VATISASSESABLECALCVCH>No</VATISASSESABLECALCVCH>
      <ISVATDUTYPAID>Yes</ISVATDUTYPAID>
      <ISDELIVERYSAMEASCONSIGNEE>No</ISDELIVERYSAMEASCONSIGNEE>
      <ISDISPATCHSAMEASCONSIGNOR>No</ISDISPATCHSAMEASCONSIGNOR>
      <ISDELETEDVCHRETAINED>No</ISDELETEDVCHRETAINED>
      <CHANGEVCHMODE>No</CHANGEVCHMODE>
      <RESETIRNQRCODE>No</RESETIRNQRCODE>
      <ALTERID> 582</ALTERID>
      <MASTERID> 349</MASTERID>
      <VOUCHERKEY>190821101994144</VOUCHERKEY>
      <ECFEERATE>0</ECFEERATE>
      <VATCONSIGNMENTNO>0</VATCONSIGNMENTNO>
      <QRCODECRC>0</QRCODECRC>
      <VATTDSRATE>0</VATTDSRATE>
      <BONDAMOUNT/>
      <POSCASHRECEIVED/>
      <CUSTOMDUTYPAID/>
      <VATPARTYITCCLAIMED/>
      <VATPARTYTAXLIABILITY/>
      <VALUEOFWORKSCONTRACT/>
      <ECFEEAMOUNT/>
      <ECFEEDEPOSITBYAWARDER/>
      <ECFEEDEPOSITBYCONTRACTOR/>
      <TDSDEDUCTED/>
      <VALUEOFSUBWORKSCONT/>
      <VATTDSAMT/>
      <ADJPARTYINVOICEVALUE/>
      <GSTINVASSESSABLEVALUE/>
      <VATGOODSVALUE/>
      <EXCHGRATE/>
      <PROCESSINGDURATION/>
      <TEMPGSTEWAYCONSIGNORADDRESSTYPE/>
      <TEMPGSTEWAYCONSIGNEEADDRESSTYPE/>
      <EIDEFAULTLED_ISZRBASICSERVICE/>
      <PREVBOMNAME/>
      <CURBOMNAME/>
      <COMMONNATUREOFPAYMENT/>
      <TEMPISVCHSUPPLFILLED/>
      <CURRPARTYLEDGERNAME/>
      <CURRBASICBUYERNAME/>
      <CURRPARTYNAME/>
      <CURRBUYERADDRESSTYPE/>
      <CURRPARTYADDRESSTYPE/>
      <CURRSTATENAME/>
      <CURRBASICPURCHASEORDERNO/>
      <CURRBASICSHIPDELIVERYNOTE/>
      <POSSTAXPARTYLEDGERNAME/>
      <ISCSTAGTFORMC/>
      <EIDEFAULTLED_ISUSERDEFINED/>
      <EIDEFAULTLED_CLASSNAME/>
      <EIDEFAULTLED_CLASSRATE>0</EIDEFAULTLED_CLASSRATE>
      <EIDEFAULTLED_CLASSADDLRATE>0</EIDEFAULTLED_CLASSADDLRATE>
      <TEMPVATCLASSIFICATION/>
      <ISATTDDATAPRESERVED/>
      <TEMPGSTEWAYBILLNUMBER/>
      <TEMPGSTEWAYBILLDATE/>
      <TEMPGSTEWAYSUBTYPE/>
      <TEMPGSTEWAYDOCUMENTTYPE/>
      <TEMPGSTEWAYSTATUS/>
      <TEMPGSTEWAYCONSIGNOR/>
      <TEMPGSTEWAYCONSIGNORADDRESS/>
      <TEMPGSTEWAYFROMPLACE/>
      <TEMPCONSIGNORPINCODENUMBER>0</TEMPCONSIGNORPINCODENUMBER>
      <TEMPGSTEWAYPINCODENUMBER>0</TEMPGSTEWAYPINCODENUMBER>
      <TEMPGSTEWAYPINCODE/>
      <TEMPGSTEWAYCONSIGNORTIN/>
      <TEMPGSTEWAYCONSIGNORSTATE/>
      <TEMPGSTEWAYCONSSHIPFROMSTATE/>
      <TEMPGSTEWAYCONSIGNEE/>
      <TEMPGSTEWAYCONSADDRESS/>
      <TEMPGSTEWAYCONSFROMPLACE/>
      <TEMPGSTEWAYCONSPINCODENUMBER>0</TEMPGSTEWAYCONSPINCODENUMBER>
      <TEMPCONSIGNEEPINCODENUMBER>0</TEMPCONSIGNEEPINCODENUMBER>
      <TEMPGSTEWAYCONSPINCODE/>
      <TEMPGSTEWAYCONSTIN/>
      <TEMPGSTEWAYCONSSTATE/>
      <TEMPGSTEWAYCONSSHIPTOSTATE/>
      <TEMPGSTEWAYTRANSPORTMODE/>
      <TEMPGSTEWAYDISTANCE>0</TEMPGSTEWAYDISTANCE>
      <TEMPGSTEWAYTRANSPORTERNAME/>
      <TEMPGSTEWAYVEHICLENUMBER/>
      <TEMPGSTEWAYTRANSPORTERID/>
      <TEMPGSTEWAYTRANSPORTERDOCNO/>
      <TEMPGSTEWAYTRANSPORTERDOCDATE/>
      <TEMPGSTEWAYVEHICLETYPE/>
      <TEMPGSTEWAYCONSBILLNUMBER/>
      <TEMPGSTEWAYCONSBILLDATE/>
      <TEMPISUSERDEFINEDCLASS/>
      <TEMPCLASSNATURE/>
      <TEMPGSTOVRDNINELIGIBLEITC/>
      <TEMPGSTOVRDNISREVCHARGEAPPL/>
      <TEMPGSTOVRDNTAXABILITY/>
      <TEMPGSTOVRDNISREVCHARGEAPPLSTR/>
      <TEMPGSTOVRDNINELIGIBLEITCSTR/>
      <TEMPGSTVCHDESTINATIONSTATE/>
      <TEMPGSTPARTYLEDLOCTYPE/>
      <TEMPGSTPARTYDEALERTYPE/>
      <TEMPGSTRISCOMMONPARTY/>
      <TEMPGSTRCOUNTRY/>
      <TEMPGSTRSTATE/>
      <TEMPGSTRTIN/>
      <TEMPGSTRDEALERTYPE/>
      <CURRGSTCOUNTRY/>
      <EWAYBILLDETAILS.LIST>      </EWAYBILLDETAILS.LIST>
      <EXCLUDEDTAXATIONS.LIST>      </EXCLUDEDTAXATIONS.LIST>
      <OLDAUDITENTRIES.LIST>      </OLDAUDITENTRIES.LIST>
      <ACCOUNTAUDITENTRIES.LIST>      </ACCOUNTAUDITENTRIES.LIST>
      <AUDITENTRIES.LIST>      </AUDITENTRIES.LIST>
      <DUTYHEADDETAILS.LIST>      </DUTYHEADDETAILS.LIST>
      <SUPPLEMENTARYDUTYHEADDETAILS.LIST>      </SUPPLEMENTARYDUTYHEADDETAILS.LIST>
      <IRNERRORLIST.LIST>      </IRNERRORLIST.LIST>
      <INVOICEDELNOTES.LIST>      </INVOICEDELNOTES.LIST>
      <INVOICEORDERLIST.LIST>      </INVOICEORDERLIST.LIST>
      <INVOICEINDENTLIST.LIST>      </INVOICEINDENTLIST.LIST>
      <ATTENDANCEENTRIES.LIST>      </ATTENDANCEENTRIES.LIST>
      <ORIGINVOICEDETAILS.LIST>      </ORIGINVOICEDETAILS.LIST>
      <INVOICEEXPORTLIST.LIST>      </INVOICEEXPORTLIST.LIST>
      <ALLLEDGERENTRIES.LIST>
       <OLDAUDITENTRYIDS.LIST TYPE="Number">
        <OLDAUDITENTRYIDS>-1</OLDAUDITENTRYIDS>
       </OLDAUDITENTRYIDS.LIST>
       <ORIGPURCHINVDATE/>
       <NARRATION/>
       <ADDLALLOCTYPE/>
       <TAXCLASSIFICATIONNAME/>
       <NOTIFICATIONSLNO/>
       <SWIFTCODE/>
       <ROUNDTYPE/>
       <LEDGERNAME>Dinesh &amp; Sons</LEDGERNAME>
       <TAXUNITNAME/>
       <STATNATURENAME/>
       <GOODSTYPE/>
       <METHODTYPE/>
       <CLASSRATE/>
       <STATCLASSIFICATIONNAME/>
       <EXCISECLASSIFICATIONNAME/>
       <ISZRBASICSERVICE/>
       <VATCOMMODITYNAME/>
       <SCHEDULE/>
       <SCHEDULESERIALNUMBER/>
       <VATCOMMODITYCODE/>
       <VATSUBCOMMODITYCODE/>
       <VATTRADENAME/>
       <VATMAJORCOMMODITYNAME/>
       <TDSPARTYNAME/>
       <VATPARTYORGNAME/>
       <XBRLADJTYPE/>
       <VOUCHERFBTCATEGORY/>
       <TYPEOFTAXPAYMENT/>
       <VATCALCULATIONTYPE/>
       <VATWORKSCONTRACTTYPE/>
       <VATWCDESCRIPTION/>
       <GSTCLASS/>
       <SCHVIADJTYPE/>
       <GSTOVRDNCLASSIFICATION/>
       <GSTOVRDNNATURE/>
       <GSTOVRDNINELIGIBLEITC/>
       <GSTOVRDNISREVCHARGEAPPL/>
       <GSTOVRDNTAXABILITY/>
       <GSTHSNSACCODE/>
       <VATGOODSNATURE/>
       <POSPAYMENTTYPE/>
       <GSTPARTYLEDGER/>
       <ORIGPURCHPARTY/>
       <ORIGPURCHPARTYADDRESS/>
       <ORIGPURCHINVNO/>
       <ORIGPURCHNOTE/>
       <ISDEEMEDPOSITIVE>No</ISDEEMEDPOSITIVE>
       <LEDGERFROMITEM>No</LEDGERFROMITEM>
       <REMOVEZEROENTRIES>No</REMOVEZEROENTRIES>
       <ISPARTYLEDGER>Yes</ISPARTYLEDGER>
       <ISLASTDEEMEDPOSITIVE>No</ISLASTDEEMEDPOSITIVE>
       <ISCAPVATTAXALTERED>No</ISCAPVATTAXALTERED>
       <ISCAPVATNOTCLAIMED>No</ISCAPVATNOTCLAIMED>
       <STCRADJPERCENT>0</STCRADJPERCENT>
       <ROUNDLIMIT>0</ROUNDLIMIT>
       <RATEOFADDLVAT>0</RATEOFADDLVAT>
       <RATEOFCESSONVAT>0</RATEOFCESSONVAT>
       <VATTAXRATE>0</VATTAXRATE>
       <VATITEMQTY>0</VATITEMQTY>
       <PREVINVTOTALNUM>0</PREVINVTOTALNUM>
       <VATWCDEDUCTIONRATE>0</VATWCDEDUCTIONRATE>
       <GSTTAXRATE>0</GSTTAXRATE>
       <ORIGINVGOODSQTY>0</ORIGINVGOODSQTY>
       <CAPVATTAXRATE>0</CAPVATTAXRATE>
       <AMOUNT>10000.00</AMOUNT>
       <FBTEXEMPTAMOUNT/>
       <VATASSESSABLEVALUE/>
       <VATWCCOSTOFLAND/>
       <VATWCDEDLABOURCHARGES/>
       <VATWCOTHERDEDUCTIONAMT/>
       <VATWCVALUEOFTAXFREEGOODS/>
       <VATWCOTHERCHARGES/>
       <VATWCSUBCONTRACTORAMT/>
       <PREVAMOUNT/>
       <PREVINVTOTALAMT/>
       <VATWCDEDUCTIONAMOUNT/>
       <ORIGINVGOODSVALUE/>
       <CENVATCAPTINPUTAMT/>
       <GSTASSESSABLEVALUE/>
       <IGSTLIABILITY/>
       <CGSTLIABILITY/>
       <SGSTLIABILITY/>
       <GSTCESSLIABILITY/>
       <GSTOVRDNASSESSABLEVALUE/>
       <GSTASSBLVALUE/>
       <ORIGINVGOODSTAXVALUE/>
       <VATWCESTABLISHMENTCOST/>
       <VATWCCONTRACTORPROFIT/>
       <VATWCPLANNINGDESIGNFEES/>
       <VATWCMACHINERYTOOLSCHARGES/>
       <VATWCCONSUMABLESCOST/>
       <VATEXPAMOUNT/>
       <VATASSBLVALUE/>
       <VATACCEPTEDTAXAMT/>
       <VATACCEPTEDADDLTAXAMT/>
       <CASHRECEIVED/>
       <CAPVATASSEABLEVALUE/>
       <CAPVATTAXVALUE/>
       <ORIGPURCHVALUE/>
       <SUPPLYMARGVAL/>
       <DENOMINATIONCOUNT2000X>0</DENOMINATIONCOUNT2000X>
       <DENOMINATIONCOUNT1000X>0</DENOMINATIONCOUNT1000X>
       <DENOMINATIONCOUNT500X>0</DENOMINATIONCOUNT500X>
       <DENOMINATIONCOUNT200X>0</DENOMINATIONCOUNT200X>
       <DENOMINATIONCOUNT100X>0</DENOMINATIONCOUNT100X>
       <DENOMINATIONCOUNT50X>0</DENOMINATIONCOUNT50X>
       <DENOMINATIONCOUNT20X>0</DENOMINATIONCOUNT20X>
       <DENOMINATIONCOUNT10X>0</DENOMINATIONCOUNT10X>
       <DENOMINATIONCOUNT5X>0</DENOMINATIONCOUNT5X>
       <DENOMINATIONCOUNT2X>0</DENOMINATIONCOUNT2X>
       <DENOMINATIONCOUNT1X>0</DENOMINATIONCOUNT1X>
       <DENOMINATIONAMOUNTOTHERS/>
       <CURRPARTYLEDGERNAME/>
       <TEMPVATCLASSIFICATION/>
       <INVOICEROUNDINGDIFFVAL/>
       <VATGCCTAXAMOUNT/>
       <GSTCOMPDUTYAMOUNT/>
       <EXCISETEMPDUTYVAL/>
       <ISVATADJLEDGER/>
       <VATASSESMENTATE>0</VATASSESMENTATE>
       <GSTLEDGERDISCOUNT/>
       <GVATLEDGEREXCISE/>
       <GSTDUTYAMOUNT/>
       <RBVATTAXAMOUNT/>
       <SALESCESSTAXAMOUNT/>
       <SERVICETAXDETAILS.LIST>       </SERVICETAXDETAILS.LIST>
       <BANKALLOCATIONS.LIST>       </BANKALLOCATIONS.LIST>
       <BILLALLOCATIONS.LIST>       </BILLALLOCATIONS.LIST>
       <INTERESTCOLLECTION.LIST>       </INTERESTCOLLECTION.LIST>
       <OLDAUDITENTRIES.LIST>       </OLDAUDITENTRIES.LIST>
       <ACCOUNTAUDITENTRIES.LIST>       </ACCOUNTAUDITENTRIES.LIST>
       <AUDITENTRIES.LIST>       </AUDITENTRIES.LIST>
       <INPUTCRALLOCS.LIST>       </INPUTCRALLOCS.LIST>
       <DUTYHEADDETAILS.LIST>       </DUTYHEADDETAILS.LIST>
       <EXCISEDUTYHEADDETAILS.LIST>       </EXCISEDUTYHEADDETAILS.LIST>
       <RATEDETAILS.LIST>       </RATEDETAILS.LIST>
       <SUMMARYALLOCS.LIST>       </SUMMARYALLOCS.LIST>
       <STPYMTDETAILS.LIST>       </STPYMTDETAILS.LIST>
       <EXCISEPAYMENTALLOCATIONS.LIST>       </EXCISEPAYMENTALLOCATIONS.LIST>
       <TAXBILLALLOCATIONS.LIST>       </TAXBILLALLOCATIONS.LIST>
       <TAXOBJECTALLOCATIONS.LIST>       </TAXOBJECTALLOCATIONS.LIST>
       <TDSEXPENSEALLOCATIONS.LIST>       </TDSEXPENSEALLOCATIONS.LIST>
       <VATSTATUTORYDETAILS.LIST>       </VATSTATUTORYDETAILS.LIST>
       <COSTTRACKALLOCATIONS.LIST>       </COSTTRACKALLOCATIONS.LIST>
       <REFVOUCHERDETAILS.LIST>       </REFVOUCHERDETAILS.LIST>
       <INVOICEWISEDETAILS.LIST>       </INVOICEWISEDETAILS.LIST>
       <VATITCDETAILS.LIST>       </VATITCDETAILS.LIST>
       <ADVANCETAXDETAILS.LIST>       </ADVANCETAXDETAILS.LIST>
      </ALLLEDGERENTRIES.LIST>
      <ALLLEDGERENTRIES.LIST>
       <OLDAUDITENTRYIDS.LIST TYPE="Number">
        <OLDAUDITENTRYIDS>-1</OLDAUDITENTRYIDS>
       </OLDAUDITENTRYIDS.LIST>
       <ORIGPURCHINVDATE/>
       <NARRATION/>
       <ADDLALLOCTYPE/>
       <TAXCLASSIFICATIONNAME/>
       <NOTIFICATIONSLNO/>
       <SWIFTCODE/>
       <ROUNDTYPE/>
       <LEDGERNAME>CASH</LEDGERNAME>
       <TAXUNITNAME/>
       <STATNATURENAME/>
       <GOODSTYPE/>
       <METHODTYPE/>
       <CLASSRATE/>
       <STATCLASSIFICATIONNAME/>
       <EXCISECLASSIFICATIONNAME/>
       <ISZRBASICSERVICE/>
       <VATCOMMODITYNAME/>
       <SCHEDULE/>
       <SCHEDULESERIALNUMBER/>
       <VATCOMMODITYCODE/>
       <VATSUBCOMMODITYCODE/>
       <VATTRADENAME/>
       <VATMAJORCOMMODITYNAME/>
       <TDSPARTYNAME/>
       <VATPARTYORGNAME/>
       <XBRLADJTYPE/>
       <VOUCHERFBTCATEGORY/>
       <TYPEOFTAXPAYMENT/>
       <VATCALCULATIONTYPE/>
       <VATWORKSCONTRACTTYPE/>
       <VATWCDESCRIPTION/>
       <GSTCLASS/>
       <SCHVIADJTYPE/>
       <GSTOVRDNCLASSIFICATION/>
       <GSTOVRDNNATURE/>
       <GSTOVRDNINELIGIBLEITC/>
       <GSTOVRDNISREVCHARGEAPPL/>
       <GSTOVRDNTAXABILITY/>
       <GSTHSNSACCODE/>
       <VATGOODSNATURE/>
       <POSPAYMENTTYPE/>
       <GSTPARTYLEDGER/>
       <ORIGPURCHPARTY/>
       <ORIGPURCHPARTYADDRESS/>
       <ORIGPURCHINVNO/>
       <ORIGPURCHNOTE/>
       <ISDEEMEDPOSITIVE>Yes</ISDEEMEDPOSITIVE>
       <LEDGERFROMITEM>No</LEDGERFROMITEM>
       <REMOVEZEROENTRIES>No</REMOVEZEROENTRIES>
       <ISPARTYLEDGER>Yes</ISPARTYLEDGER>
       <ISLASTDEEMEDPOSITIVE>Yes</ISLASTDEEMEDPOSITIVE>
       <ISCAPVATTAXALTERED>No</ISCAPVATTAXALTERED>
       <ISCAPVATNOTCLAIMED>No</ISCAPVATNOTCLAIMED>
       <STCRADJPERCENT>0</STCRADJPERCENT>
       <ROUNDLIMIT>0</ROUNDLIMIT>
       <RATEOFADDLVAT>0</RATEOFADDLVAT>
       <RATEOFCESSONVAT>0</RATEOFCESSONVAT>
       <VATTAXRATE>0</VATTAXRATE>
       <VATITEMQTY>0</VATITEMQTY>
       <PREVINVTOTALNUM>0</PREVINVTOTALNUM>
       <VATWCDEDUCTIONRATE>0</VATWCDEDUCTIONRATE>
       <GSTTAXRATE>0</GSTTAXRATE>
       <ORIGINVGOODSQTY>0</ORIGINVGOODSQTY>
       <CAPVATTAXRATE>0</CAPVATTAXRATE>
       <AMOUNT>-10000.00</AMOUNT>
       <FBTEXEMPTAMOUNT/>
       <VATASSESSABLEVALUE/>
       <VATWCCOSTOFLAND/>
       <VATWCDEDLABOURCHARGES/>
       <VATWCOTHERDEDUCTIONAMT/>
       <VATWCVALUEOFTAXFREEGOODS/>
       <VATWCOTHERCHARGES/>
       <VATWCSUBCONTRACTORAMT/>
       <PREVAMOUNT/>
       <PREVINVTOTALAMT/>
       <VATWCDEDUCTIONAMOUNT/>
       <ORIGINVGOODSVALUE/>
       <CENVATCAPTINPUTAMT/>
       <GSTASSESSABLEVALUE/>
       <IGSTLIABILITY/>
       <CGSTLIABILITY/>
       <SGSTLIABILITY/>
       <GSTCESSLIABILITY/>
       <GSTOVRDNASSESSABLEVALUE/>
       <GSTASSBLVALUE/>
       <ORIGINVGOODSTAXVALUE/>
       <VATWCESTABLISHMENTCOST/>
       <VATWCCONTRACTORPROFIT/>
       <VATWCPLANNINGDESIGNFEES/>
       <VATWCMACHINERYTOOLSCHARGES/>
       <VATWCCONSUMABLESCOST/>
       <VATEXPAMOUNT/>
       <VATASSBLVALUE/>
       <VATACCEPTEDTAXAMT/>
       <VATACCEPTEDADDLTAXAMT/>
       <CASHRECEIVED/>
       <CAPVATASSEABLEVALUE/>
       <CAPVATTAXVALUE/>
       <ORIGPURCHVALUE/>
       <SUPPLYMARGVAL/>
       <DENOMINATIONCOUNT2000X>0</DENOMINATIONCOUNT2000X>
       <DENOMINATIONCOUNT1000X>0</DENOMINATIONCOUNT1000X>
       <DENOMINATIONCOUNT500X>0</DENOMINATIONCOUNT500X>
       <DENOMINATIONCOUNT200X>0</DENOMINATIONCOUNT200X>
       <DENOMINATIONCOUNT100X>0</DENOMINATIONCOUNT100X>
       <DENOMINATIONCOUNT50X>0</DENOMINATIONCOUNT50X>
       <DENOMINATIONCOUNT20X>0</DENOMINATIONCOUNT20X>
       <DENOMINATIONCOUNT10X>0</DENOMINATIONCOUNT10X>
       <DENOMINATIONCOUNT5X>0</DENOMINATIONCOUNT5X>
       <DENOMINATIONCOUNT2X>0</DENOMINATIONCOUNT2X>
       <DENOMINATIONCOUNT1X>0</DENOMINATIONCOUNT1X>
       <DENOMINATIONAMOUNTOTHERS/>
       <CURRPARTYLEDGERNAME/>
       <TEMPVATCLASSIFICATION/>
       <INVOICEROUNDINGDIFFVAL/>
       <VATGCCTAXAMOUNT/>
       <GSTCOMPDUTYAMOUNT/>
       <EXCISETEMPDUTYVAL/>
       <ISVATADJLEDGER/>
       <VATASSESMENTATE>0</VATASSESMENTATE>
       <GSTLEDGERDISCOUNT/>
       <GVATLEDGEREXCISE/>
       <GSTDUTYAMOUNT/>
       <RBVATTAXAMOUNT/>
       <SALESCESSTAXAMOUNT/>
       <SERVICETAXDETAILS.LIST>       </SERVICETAXDETAILS.LIST>
       <BANKALLOCATIONS.LIST>       </BANKALLOCATIONS.LIST>
       <BILLALLOCATIONS.LIST>       </BILLALLOCATIONS.LIST>
       <INTERESTCOLLECTION.LIST>       </INTERESTCOLLECTION.LIST>
       <OLDAUDITENTRIES.LIST>       </OLDAUDITENTRIES.LIST>
       <ACCOUNTAUDITENTRIES.LIST>       </ACCOUNTAUDITENTRIES.LIST>
       <AUDITENTRIES.LIST>       </AUDITENTRIES.LIST>
       <INPUTCRALLOCS.LIST>       </INPUTCRALLOCS.LIST>
       <DUTYHEADDETAILS.LIST>       </DUTYHEADDETAILS.LIST>
       <EXCISEDUTYHEADDETAILS.LIST>       </EXCISEDUTYHEADDETAILS.LIST>
       <RATEDETAILS.LIST>       </RATEDETAILS.LIST>
       <SUMMARYALLOCS.LIST>       </SUMMARYALLOCS.LIST>
       <STPYMTDETAILS.LIST>       </STPYMTDETAILS.LIST>
       <EXCISEPAYMENTALLOCATIONS.LIST>       </EXCISEPAYMENTALLOCATIONS.LIST>
       <TAXBILLALLOCATIONS.LIST>       </TAXBILLALLOCATIONS.LIST>
       <TAXOBJECTALLOCATIONS.LIST>       </TAXOBJECTALLOCATIONS.LIST>
       <TDSEXPENSEALLOCATIONS.LIST>       </TDSEXPENSEALLOCATIONS.LIST>
       <VATSTATUTORYDETAILS.LIST>       </VATSTATUTORYDETAILS.LIST>
       <COSTTRACKALLOCATIONS.LIST>       </COSTTRACKALLOCATIONS.LIST>
       <REFVOUCHERDETAILS.LIST>       </REFVOUCHERDETAILS.LIST>
       <INVOICEWISEDETAILS.LIST>       </INVOICEWISEDETAILS.LIST>
       <VATITCDETAILS.LIST>       </VATITCDETAILS.LIST>
       <ADVANCETAXDETAILS.LIST>       </ADVANCETAXDETAILS.LIST>
      </ALLLEDGERENTRIES.LIST>
      <PAYROLLMODEOFPAYMENT.LIST>      </PAYROLLMODEOFPAYMENT.LIST>
      <ATTDRECORDS.LIST>      </ATTDRECORDS.LIST>
      <GSTEWAYCONSIGNORADDRESS.LIST>      </GSTEWAYCONSIGNORADDRESS.LIST>
      <GSTEWAYCONSIGNEEADDRESS.LIST>      </GSTEWAYCONSIGNEEADDRESS.LIST>
      <TEMPGSTRATEDETAILS.LIST>      </TEMPGSTRATEDETAILS.LIST>
     </VOUCHER>
    </TALLYMESSAGE>
    <TALLYMESSAGE xmlns:UDF="TallyUDF">
     <VOUCHER REMOTEID="0104ec5d-3a78-4045-b472-e46e6308b8a0-00000179" VCHKEY="0104ec5d-3a78-4045-b472-e46e6308b8a0-0000ad91:00000040" VCHTYPE="Receipt" ACTION="Create" OBJVIEW="Accounting Voucher View">
      <OLDAUDITENTRYIDS.LIST TYPE="Number">
       <OLDAUDITENTRYIDS>-1</OLDAUDITENTRYIDS>
      </OLDAUDITENTRYIDS.LIST>
      <ACTIVETO/>
      <ALTEREDON/>
      <DATE>20210826</DATE>
      <LUTDATEOFISSUE/>
      <LUTEXPIRYDATE/>
      <BONDDATEOFISSUE/>
      <BONDEXPIRYDATE/>
      <TAXCHEQUEDATE/>
      <TAXCHALLANDATE/>
      <REFERENCEDATE/>
      <SHIPPINGBILLDATE/>
      <BILLOFENTRYDATE/>
      <VATPARTYTRANSRETURNDATE/>
      <RECONCILATIONDATE/>
      <FORM16ISSUEDATE/>
      <CSTFORMISSUEDATE/>
      <CSTFORMRECVDATE/>
      <CERTIFICATEDATE/>
      <FBTFROMDATE/>
      <FBTTODATE/>
      <RETURNINVOICEDATE/>
      <AGGREMENTORDERDATE/>
      <GOODSRCPTDATE/>
      <LORRYRECPTDATE/>
      <TRANSSALELANDINGDATE/>
      <TRANSBUYERLANDINGDATE/>
      <CREDITLETTERDATE/>
      <AIRWAYBILLDATE/>
      <VATORDERDATE/>
      <INVDELIVERYDATE/>
      <BILLOFLADINGDATE/>
      <VATDEPOSITDATE/>
      <VATDOCUMENTDATE/>
      <VATCHALLANDATE/>
      <ECDATE/>
      <VATTDSDATE/>
      <ADJFROMDATE/>
      <ADJTODATE/>
      <VATDDCHEQUEDATE/>
      <TAXPAYPERIODFROMDATE/>
      <TAXPAYPERIODTODATE/>
      <STTAXCHALLANDATE/>
      <GSTCHALLANDATE/>
      <GSTCHALLANEXPIRYDATE/>
      <ADJPARTYINVOICEDATE/>
      <ADJPARTYPAYMENTDATE/>
      <PARTYORDERDATE/>
      <ADVANCERECEIPTDATE/>
      <REFUNDVOUCHERDATE/>
      <IRNACKDATE/>
      <IRNCANCELDATE/>
      <VATSUBMISSIONDATE/>
      <PARTYINVDATE/>
      <INSPDOCDATE/>
      <VATCANCINVDATE/>
      <VATGOODSRECEIPTDATE/>
      <VATCSTE1DATE/>
      <DISPATCHDATE/>
      <AUDITEDON/>
      <GUID>0104ec5d-3a78-4045-b472-e46e6308b8a0-00000179</GUID>
      <GSTREGISTRATIONTYPE/>
      <VATDEALERTYPE/>
      <STATENAME/>
      <PRICELEVEL/>
      <TDSNATUREOFPAYMENT/>
      <AUTOCOSTLEVEL/>
      <NARRATION/>
      <REQUESTORRULE/>
      <ALTEREDBY/>
      <COUNTRYOFRESIDENCE/>
      <IMPORTEREXPORTERCODE/>
      <PARTYGSTIN/>
      <NATUREOFSALES/>
      <EXCISENOTIFICATIONNO/>
      <PLACEOFSUPPLY/>
      <LUTNUMBER/>
      <BONDNUMBER/>
      <AUTHORITYNAME/>
      <AUTHORITYADDRESS/>
      <TAXUNITNAME/>
      <EXCISEUNITNAME/>
      <CLASSNAME/>
      <POSCARDLEDGER/>
      <POSCASHLEDGER/>
      <POSGIFTLEDGER/>
      <POSCHEQUELEDGER/>
      <EXCISECLASSIFICATIONNAME/>
      <TDSSECTIONNO/>
      <TDSDEDNSTATUS/>
      <TAXBANKCHALLANNUMBER/>
      <TAXCHALLANBSRCODE/>
      <TAXCHEQUENUMBER/>
      <TAXBANKNAME/>
      <TAXBANKBRANCHNAME/>
      <PARTYNAME/>
      <PARTYLEDGERNAME>CK Ltd</PARTYLEDGERNAME>
      <GSTACTIVITYSTATUS/>
      <TAXADJUSTMENT/>
      <BUYERADDRESSTYPE/>
      <PORTCODE/>
      <SHIPPINGBILLNO/>
      <BILLOFENTRYNO/>
      <VATPARTYTRANSRETURNNUMBER/>
      <URDORIGINALSALEVALUE/>
      <GSTNATUREOFRETURN/>
      <VOUCHERTYPENAME>Receipt</VOUCHERTYPENAME>
      <REFERENCE/>
      <VOUCHERNUMBER>11</VOUCHERNUMBER>
      <BASICBASEPARTYNAME/>
      <BASICVOUCHERCHEQUENAME/>
      <BASICVOUCHERCROSSCOMMENT/>
      <EXCHGCURRENCYNAME/>
      <SERIALMASTER/>
      <SERIALNUMBER/>
      <STATADJUSTMENTTYPE/>
      <STATPAYMENTTYPE/>
      <CONSIGNEEIECODE/>
      <SUPPLIERIECODE/>
      <ARESERIALMASTER/>
      <ARESERIALNUMBER/>
      <SUMAUTOVCHNUM/>
      <TAXBANKACCOUNTNUMBER/>
      <CSTFORMISSUETYPE/>
      <CSTFORMISSUENUMBER/>
      <CSTFORMRECVTYPE/>
      <CSTFORMRECVNUMBER/>
      <CONSIGNEECSTNUMBER/>
      <BUYERSCSTNUMBER/>
      <CSTFORMISSUESERIESNUM/>
      <CSTFORMRECVSERIESNUM/>
      <EXCISETREASURYNUMBER/>
      <EXCISETREASURYNAME/>
      <CERTIFICATETYPE/>
      <CERTIFICATENUMBER/>
      <AREFORMTYPE/>
      <DESTINATIONTAXUNIT/>
      <FBTPAYMENTTYPE>Default</FBTPAYMENTTYPE>
      <POSCARDNUMBER/>
      <POSCHEQUENUMBER/>
      <POSCHEQUEBANKNAME/>
      <CHALLANTYPE/>
      <CHEQUEDEPOSITORNAME/>
      <EXCISENOTIFICATIONSERIALNO/>
      <PERSISTEDVIEW>Accounting Voucher View</PERSISTEDVIEW>
      <EXCISETARIFFTYPE/>
      <CONSIGNEELBTREGNNO/>
      <CONSIGNEELBTZONE/>
      <SUPPLIERLBTREGNNO/>
      <SUPPLIERLBTZONE/>
      <LBTMAPPEDCATEGORY/>
      <LBTMAPPEDZONE/>
      <LBTNATUREOFLIABILITY/>
      <CASHPARTYPAN/>
      <CASHPARTYDEDTYPE/>
      <VCHTAXTYPE/>
      <PURPOSEOFPURCHASE/>
      <POINTOFTRANSACTION/>
      <TRANSPORTERNAME/>
      <TRANSPORTMODE/>
      <AGGREMENTORDERNO/>
      <FOREIGNSELLERNAME/>
      <EXPORTERCOUNTRY/>
      <GOODSVEHICLENUMBER/>
      <SHIPNAME/>
      <SHIPAGENTNAME/>
      <CLEARINGAGENTNAME/>
      <LORRYRECPTNO/>
      <CARRIERNAME/>
      <CREDITLETTERREF/>
      <AIRWAYBILLNO/>
      <FWDAGENTNAME/>
      <VATORDERNO/>
      <VATSELLERTIN/>
      <TRANSSOURCEPLACE/>
      <TRANSCATEGORY/>
      <VATDOCUMENTTYPE/>
      <VATTRANSBILLQTY/>
      <VATTRANSBILLNO/>
      <BILLOFLADINGNO/>
      <VATPAIDAGAINST/>
      <VATBANKNAME/>
      <VATBANKBRANCH/>
      <VATDDCHEQUENO/>
      <VATADJUSTMENTTYPE/>
      <VATFORMSTATUS/>
      <VATDOCUMENTNUMBER/>
      <VATSOURCESTATE/>
      <VATDESTINATIONSTATE/>
      <VATDESTINATIONPLACE/>
      <VATPARTYORGTYPE/>
      <VATPARTYTYPE/>
      <VATCHALLANNUMBER/>
      <VATDESIGOFPURCHASER/>
      <VATPURCHASERCPTTYPE/>
      <VATGOODSRCPTNO/>
      <VATPARTYORGNAME/>
      <AIRPORTNAME/>
      <TDNOFAWARDER/>
      <ECNUMBER/>
      <ECISSUINGAUTHORITY/>
      <CONTRACTORTIN/>
      <VATTDSBARCODE/>
      <VATPYMTMODEOFDEPOSIT/>
      <VATPYMTTAXDESC/>
      <VATBANKACCNUMBER/>
      <VATBRANCHCODE/>
      <VATTRANSSOURCE/>
      <VATADJADDLDETAILS/>
      <VATBRANCHNAME/>
      <PRIORITYSTATECONFLICT/>
      <EICHECKPOST/>
      <PORTNAME/>
      <VATEFORMAPPLICABLE/>
      <VATEFORMAPPLICABLENO/>
      <VATINCOURSEOF/>
      <VATDISPATCHTIME/>
      <VATTRANSPORTERADDRESS/>
      <VATCONTRACTEETDN/>
      <VATCONTRACTEEDISTRICT/>
      <VATCONTRACTEENAME/>
      <CONSUMERIDENTIFICATIONNUMBER/>
      <STTVCHRHANDLE/>
      <SRVTREGNUMBER/>
      <TAXPAYMENTTYPE/>
      <STTAXBANKCHALLANNUMBER/>
      <TYPEOFEXCISEVOUCHER/>
      <GSTBANKNAME/>
      <GSTBANKACCOUNTNUMBER/>
      <GSTBANKACCOUNTTYPE/>
      <GSTBANKACCOUNTHOLDER/>
      <GSTBANKBRANCHADDRESS/>
      <GSTBANKIFSCCODE/>
      <GSTBANKMICRCODE/>
      <GSTDEBITDOCNUMBER/>
      <GSTPYMTMODEOFDEPOSIT/>
      <GSTBANKBRANCHNAME/>
      <GSTINSTRUMENTNUMBER/>
      <GSTCHALLANNUMBER/>
      <GSTCPINNUMBER/>
      <GSTCINNUMBER/>
      <ADJPARTYGSTIN/>
      <ADJPARTYINVOICENO/>
      <GSTMERCHANTID/>
      <PARTYORDERNO/>
      <GSTITCREVERSALDETAILS/>
      <GSTITCDOCUMENTTYPE/>
      <GSTADDITIONALDETAILS/>
      <GSTRECONSTATUS/>
      <GSTREASONFORREJECTION/>
      <ADVANCERECEIPTNUMBER/>
      <REFUNDVOUCHERNUMBER/>
      <VCHTAXUNIT/>
      <CONSIGNEEGSTIN/>
      <IRNACKNO/>
      <IRN/>
      <IRNQRCODE/>
      <BILLTOPLACE/>
      <SHIPTOPLACE/>
      <DISPATCHFROMNAME/>
      <DISPATCHFROMADDRESSTYPE/>
      <DISPATCHFROMSTATENAME/>
      <DISPATCHFROMPINCODE/>
      <DISPATCHFROMPLACE/>
      <IRNCANCELREASON/>
      <IRNCANCELCODE/>
      <BASICSHIPPEDBY/>
      <BASICDESTINATIONCOUNTRY/>
      <BASICBUYERNAME/>
      <BASICPLACEOFRECEIPT/>
      <BASICSHIPDOCUMENTNO/>
      <BASICPORTOFLOADING/>
      <BASICPORTOFDISCHARGE/>
      <BASICFINALDESTINATION/>
      <BASICORDERREF/>
      <BASICSHIPVESSELNO/>
      <BASICBUYERSSALESTAXNO/>
      <BASICDUEDATEOFPYMT/>
      <BASICSERIALNUMINPLA/>
      <BASICDATETIMEOFINVOICE/>
      <BASICDATETIMEOFREMOVAL/>
      <PARTYADDRESSTYPE/>
      <MFGRADDRESSTYPE/>
      <TRANSPORTERADDRROOM/>
      <TRANSPORTERADDRBLDG/>
      <TRANSPORTERADDRROAD/>
      <TRANSPORTERADDRAREA/>
      <TRANSPORTERADDRTOWN/>
      <TRANSPORTERADDRDIST/>
      <TRANSPORTERADDRSTATE/>
      <TRANSPORTERADDRPINCODE/>
      <TRANSPORTERADDRPHONE/>
      <TRANSPORTERADDRFAX/>
      <TRANSPORTERVEHICLE2/>
      <TRANSPORTLOCALTIN/>
      <VATCFORMISSUESTATE/>
      <PLACEOFSUPPLYSTATE/>
      <PLACEOFSUPPLYCOUNTRY/>
      <EMIRATEPOS/>
      <PARTYMAILINGNAME/>
      <PARTYPINCODE/>
      <CONSIGNEEMAILINGNAME/>
      <CONSIGNEECOUNTRYNAME/>
      <VCHGSTCLASS/>
      <COSTCENTRENAME/>
      <ADDITIONALNARRATION/>
      <PARTYINVNO/>
      <INSPDOCNO/>
      <SETTLEMENTTYPE/>
      <VOUCHERTIME/>
      <HOLDREFERENCE/>
      <VATCANCINVNO/>
      <VATCANCPURCTIN/>
      <VATCANCPURCNAME/>
      <VATTYPEOFDEVICE/>
      <VATBRIEFDESCRIPTION/>
      <VATDEVICENO/>
      <BUYERPINNUMBER/>
      <VATEXPORTENTRYNO/>
      <CONSIGNEEPINNUMBER/>
      <VATEXEMPTCERTIFICATENO/>
      <VATVEHICLENUMBER/>
      <VATGOODSRECEIPTNUMBER/>
      <VATMOBILENUMBER/>
      <VATCSTE1SERIESNO/>
      <VATCSTE1SERIALNO/>
      <VATPERMITFORM/>
      <VATCERTIFICATENO/>
      <CONSIGNEECIRCLE/>
      <CONSIGNEECITY/>
      <CONSIGNEESTATENAME/>
      <CONSIGNEEPINCODE/>
      <CONSIGNEEMOBILENUMBER/>
      <CONSIGNEEOTHERS/>
      <CONSIGNEEMAIL/>
      <DELIVERYCITY/>
      <DELIVERYPINCODE/>
      <DELIVERYOTHERS/>
      <DELIVERYSTATE/>
      <DISPATCHCITY/>
      <DISPATCHPINCODE/>
      <DESTINATIONPERMITNUMBER/>
      <ENTRYCHECKPOSTLOCATION/>
      <EXITCHECKPOSTLOCATION/>
      <VATTDSDEDUCTORNAME/>
      <VCHENTRYMODE/>
      <ENTEREDBY/>
      <VOUCHERTYPEORIGNAME/>
      <DIFFACTUALQTY>No</DIFFACTUALQTY>
      <ISMSTFROMSYNC>No</ISMSTFROMSYNC>
      <ASORIGINAL>No</ASORIGINAL>
      <AUDITED>No</AUDITED>
      <FORJOBCOSTING>No</FORJOBCOSTING>
      <ISOPTIONAL>No</ISOPTIONAL>
      <EFFECTIVEDATE>20210826</EFFECTIVEDATE>
      <USEFOREXCISE>No</USEFOREXCISE>
      <ISFORJOBWORKIN>No</ISFORJOBWORKIN>
      <ALLOWCONSUMPTION>No</ALLOWCONSUMPTION>
      <USEFORINTEREST>No</USEFORINTEREST>
      <USEFORGAINLOSS>No</USEFORGAINLOSS>
      <USEFORGODOWNTRANSFER>No</USEFORGODOWNTRANSFER>
      <USEFORCOMPOUND>No</USEFORCOMPOUND>
      <USEFORSERVICETAX>No</USEFORSERVICETAX>
      <ISDELETED>No</ISDELETED>
      <ISONHOLD>No</ISONHOLD>
      <ISBOENOTAPPLICABLE>No</ISBOENOTAPPLICABLE>
      <ISEXCISEVOUCHER>No</ISEXCISEVOUCHER>
      <EXCISETAXOVERRIDE>No</EXCISETAXOVERRIDE>
      <USEFORTAXUNITTRANSFER>No</USEFORTAXUNITTRANSFER>
      <IGNOREPOSVALIDATION>No</IGNOREPOSVALIDATION>
      <EXCISEOPENING>No</EXCISEOPENING>
      <USEFORFINALPRODUCTION>No</USEFORFINALPRODUCTION>
      <ISTDSOVERRIDDEN>No</ISTDSOVERRIDDEN>
      <ISTCSOVERRIDDEN>No</ISTCSOVERRIDDEN>
      <ISTDSTCSCASHVCH>No</ISTDSTCSCASHVCH>
      <INCLUDEADVPYMTVCH>No</INCLUDEADVPYMTVCH>
      <ISSUBWORKSCONTRACT>No</ISSUBWORKSCONTRACT>
      <ISVATOVERRIDDEN>No</ISVATOVERRIDDEN>
      <IGNOREORIGVCHDATE>No</IGNOREORIGVCHDATE>
      <ISVATPAIDATCUSTOMS>No</ISVATPAIDATCUSTOMS>
      <ISDECLAREDTOCUSTOMS>No</ISDECLAREDTOCUSTOMS>
      <ISSERVICETAXOVERRIDDEN>No</ISSERVICETAXOVERRIDDEN>
      <ISISDVOUCHER>No</ISISDVOUCHER>
      <ISEXCISEOVERRIDDEN>No</ISEXCISEOVERRIDDEN>
      <ISEXCISESUPPLYVCH>No</ISEXCISESUPPLYVCH>
      <ISGSTOVERRIDDEN>No</ISGSTOVERRIDDEN>
      <GSTNOTEXPORTED>No</GSTNOTEXPORTED>
      <IGNOREGSTINVALIDATION>No</IGNOREGSTINVALIDATION>
      <ISGSTREFUND>No</ISGSTREFUND>
      <ISGSTSECSEVENAPPLICABLE>No</ISGSTSECSEVENAPPLICABLE>
      <ISVATPRINCIPALACCOUNT>No</ISVATPRINCIPALACCOUNT>
      <IGNOREEINVVALIDATION>No</IGNOREEINVVALIDATION>
      <IRNJSONEXPORTED>No</IRNJSONEXPORTED>
      <IRNCANCELLED>No</IRNCANCELLED>
      <ISSHIPPINGWITHINSTATE>No</ISSHIPPINGWITHINSTATE>
      <ISOVERSEASTOURISTTRANS>No</ISOVERSEASTOURISTTRANS>
      <ISDESIGNATEDZONEPARTY>No</ISDESIGNATEDZONEPARTY>
      <ISCANCELLED>No</ISCANCELLED>
      <HASCASHFLOW>Yes</HASCASHFLOW>
      <ISPOSTDATED>No</ISPOSTDATED>
      <USETRACKINGNUMBER>No</USETRACKINGNUMBER>
      <ISINVOICE>No</ISINVOICE>
      <MFGJOURNAL>No</MFGJOURNAL>
      <HASDISCOUNTS>No</HASDISCOUNTS>
      <ASPAYSLIP>No</ASPAYSLIP>
      <ISCOSTCENTRE>No</ISCOSTCENTRE>
      <ISSTXNONREALIZEDVCH>No</ISSTXNONREALIZEDVCH>
      <ISEXCISEMANUFACTURERON>No</ISEXCISEMANUFACTURERON>
      <ISBLANKCHEQUE>No</ISBLANKCHEQUE>
      <ISVOID>No</ISVOID>
      <ORDERLINESTATUS>No</ORDERLINESTATUS>
      <VATISAGNSTCANCSALES>No</VATISAGNSTCANCSALES>
      <VATISPURCEXEMPTED>No</VATISPURCEXEMPTED>
      <ISVATRESTAXINVOICE>No</ISVATRESTAXINVOICE>
      <VATISASSESABLECALCVCH>No</VATISASSESABLECALCVCH>
      <ISVATDUTYPAID>Yes</ISVATDUTYPAID>
      <ISDELIVERYSAMEASCONSIGNEE>No</ISDELIVERYSAMEASCONSIGNEE>
      <ISDISPATCHSAMEASCONSIGNOR>No</ISDISPATCHSAMEASCONSIGNOR>
      <ISDELETEDVCHRETAINED>No</ISDELETEDVCHRETAINED>
      <CHANGEVCHMODE>No</CHANGEVCHMODE>
      <RESETIRNQRCODE>No</RESETIRNQRCODE>
      <ALTERID> 611</ALTERID>
      <MASTERID> 377</MASTERID>
      <VOUCHERKEY>190838281863232</VOUCHERKEY>
      <ECFEERATE>0</ECFEERATE>
      <VATCONSIGNMENTNO>0</VATCONSIGNMENTNO>
      <QRCODECRC>0</QRCODECRC>
      <VATTDSRATE>0</VATTDSRATE>
      <BONDAMOUNT/>
      <POSCASHRECEIVED/>
      <CUSTOMDUTYPAID/>
      <VATPARTYITCCLAIMED/>
      <VATPARTYTAXLIABILITY/>
      <VALUEOFWORKSCONTRACT/>
      <ECFEEAMOUNT/>
      <ECFEEDEPOSITBYAWARDER/>
      <ECFEEDEPOSITBYCONTRACTOR/>
      <TDSDEDUCTED/>
      <VALUEOFSUBWORKSCONT/>
      <VATTDSAMT/>
      <ADJPARTYINVOICEVALUE/>
      <GSTINVASSESSABLEVALUE/>
      <VATGOODSVALUE/>
      <EXCHGRATE/>
      <PROCESSINGDURATION/>
      <TEMPGSTEWAYCONSIGNORADDRESSTYPE/>
      <TEMPGSTEWAYCONSIGNEEADDRESSTYPE/>
      <EIDEFAULTLED_ISZRBASICSERVICE/>
      <PREVBOMNAME/>
      <CURBOMNAME/>
      <COMMONNATUREOFPAYMENT/>
      <TEMPISVCHSUPPLFILLED/>
      <CURRPARTYLEDGERNAME/>
      <CURRBASICBUYERNAME/>
      <CURRPARTYNAME/>
      <CURRBUYERADDRESSTYPE/>
      <CURRPARTYADDRESSTYPE/>
      <CURRSTATENAME/>
      <CURRBASICPURCHASEORDERNO/>
      <CURRBASICSHIPDELIVERYNOTE/>
      <POSSTAXPARTYLEDGERNAME/>
      <ISCSTAGTFORMC/>
      <EIDEFAULTLED_ISUSERDEFINED/>
      <EIDEFAULTLED_CLASSNAME/>
      <EIDEFAULTLED_CLASSRATE>0</EIDEFAULTLED_CLASSRATE>
      <EIDEFAULTLED_CLASSADDLRATE>0</EIDEFAULTLED_CLASSADDLRATE>
      <TEMPVATCLASSIFICATION/>
      <ISATTDDATAPRESERVED/>
      <TEMPGSTEWAYBILLNUMBER/>
      <TEMPGSTEWAYBILLDATE/>
      <TEMPGSTEWAYSUBTYPE/>
      <TEMPGSTEWAYDOCUMENTTYPE/>
      <TEMPGSTEWAYSTATUS/>
      <TEMPGSTEWAYCONSIGNOR/>
      <TEMPGSTEWAYCONSIGNORADDRESS/>
      <TEMPGSTEWAYFROMPLACE/>
      <TEMPCONSIGNORPINCODENUMBER>0</TEMPCONSIGNORPINCODENUMBER>
      <TEMPGSTEWAYPINCODENUMBER>0</TEMPGSTEWAYPINCODENUMBER>
      <TEMPGSTEWAYPINCODE/>
      <TEMPGSTEWAYCONSIGNORTIN/>
      <TEMPGSTEWAYCONSIGNORSTATE/>
      <TEMPGSTEWAYCONSSHIPFROMSTATE/>
      <TEMPGSTEWAYCONSIGNEE/>
      <TEMPGSTEWAYCONSADDRESS/>
      <TEMPGSTEWAYCONSFROMPLACE/>
      <TEMPGSTEWAYCONSPINCODENUMBER>0</TEMPGSTEWAYCONSPINCODENUMBER>
      <TEMPCONSIGNEEPINCODENUMBER>0</TEMPCONSIGNEEPINCODENUMBER>
      <TEMPGSTEWAYCONSPINCODE/>
      <TEMPGSTEWAYCONSTIN/>
      <TEMPGSTEWAYCONSSTATE/>
      <TEMPGSTEWAYCONSSHIPTOSTATE/>
      <TEMPGSTEWAYTRANSPORTMODE/>
      <TEMPGSTEWAYDISTANCE>0</TEMPGSTEWAYDISTANCE>
      <TEMPGSTEWAYTRANSPORTERNAME/>
      <TEMPGSTEWAYVEHICLENUMBER/>
      <TEMPGSTEWAYTRANSPORTERID/>
      <TEMPGSTEWAYTRANSPORTERDOCNO/>
      <TEMPGSTEWAYTRANSPORTERDOCDATE/>
      <TEMPGSTEWAYVEHICLETYPE/>
      <TEMPGSTEWAYCONSBILLNUMBER/>
      <TEMPGSTEWAYCONSBILLDATE/>
      <TEMPISUSERDEFINEDCLASS/>
      <TEMPCLASSNATURE/>
      <TEMPGSTOVRDNINELIGIBLEITC/>
      <TEMPGSTOVRDNISREVCHARGEAPPL/>
      <TEMPGSTOVRDNTAXABILITY/>
      <TEMPGSTOVRDNISREVCHARGEAPPLSTR/>
      <TEMPGSTOVRDNINELIGIBLEITCSTR/>
      <TEMPGSTVCHDESTINATIONSTATE/>
      <TEMPGSTPARTYLEDLOCTYPE/>
      <TEMPGSTPARTYDEALERTYPE/>
      <TEMPGSTRISCOMMONPARTY/>
      <TEMPGSTRCOUNTRY/>
      <TEMPGSTRSTATE/>
      <TEMPGSTRTIN/>
      <TEMPGSTRDEALERTYPE/>
      <CURRGSTCOUNTRY/>
      <EWAYBILLDETAILS.LIST>      </EWAYBILLDETAILS.LIST>
      <EXCLUDEDTAXATIONS.LIST>      </EXCLUDEDTAXATIONS.LIST>
      <OLDAUDITENTRIES.LIST>      </OLDAUDITENTRIES.LIST>
      <ACCOUNTAUDITENTRIES.LIST>      </ACCOUNTAUDITENTRIES.LIST>
      <AUDITENTRIES.LIST>      </AUDITENTRIES.LIST>
      <DUTYHEADDETAILS.LIST>      </DUTYHEADDETAILS.LIST>
      <SUPPLEMENTARYDUTYHEADDETAILS.LIST>      </SUPPLEMENTARYDUTYHEADDETAILS.LIST>
      <IRNERRORLIST.LIST>      </IRNERRORLIST.LIST>
      <INVOICEDELNOTES.LIST>      </INVOICEDELNOTES.LIST>
      <INVOICEORDERLIST.LIST>      </INVOICEORDERLIST.LIST>
      <INVOICEINDENTLIST.LIST>      </INVOICEINDENTLIST.LIST>
      <ATTENDANCEENTRIES.LIST>      </ATTENDANCEENTRIES.LIST>
      <ORIGINVOICEDETAILS.LIST>      </ORIGINVOICEDETAILS.LIST>
      <INVOICEEXPORTLIST.LIST>      </INVOICEEXPORTLIST.LIST>
      <ALLLEDGERENTRIES.LIST>
       <OLDAUDITENTRYIDS.LIST TYPE="Number">
        <OLDAUDITENTRYIDS>-1</OLDAUDITENTRYIDS>
       </OLDAUDITENTRYIDS.LIST>
       <ORIGPURCHINVDATE/>
       <NARRATION/>
       <ADDLALLOCTYPE/>
       <TAXCLASSIFICATIONNAME/>
       <NOTIFICATIONSLNO/>
       <SWIFTCODE/>
       <ROUNDTYPE/>
       <LEDGERNAME>CK Ltd</LEDGERNAME>
       <TAXUNITNAME/>
       <STATNATURENAME/>
       <GOODSTYPE/>
       <METHODTYPE/>
       <CLASSRATE/>
       <STATCLASSIFICATIONNAME/>
       <EXCISECLASSIFICATIONNAME/>
       <ISZRBASICSERVICE/>
       <VATCOMMODITYNAME/>
       <SCHEDULE/>
       <SCHEDULESERIALNUMBER/>
       <VATCOMMODITYCODE/>
       <VATSUBCOMMODITYCODE/>
       <VATTRADENAME/>
       <VATMAJORCOMMODITYNAME/>
       <TDSPARTYNAME/>
       <VATPARTYORGNAME/>
       <XBRLADJTYPE/>
       <VOUCHERFBTCATEGORY/>
       <TYPEOFTAXPAYMENT/>
       <VATCALCULATIONTYPE/>
       <VATWORKSCONTRACTTYPE/>
       <VATWCDESCRIPTION/>
       <GSTCLASS/>
       <SCHVIADJTYPE/>
       <GSTOVRDNCLASSIFICATION/>
       <GSTOVRDNNATURE/>
       <GSTOVRDNINELIGIBLEITC/>
       <GSTOVRDNISREVCHARGEAPPL/>
       <GSTOVRDNTAXABILITY/>
       <GSTHSNSACCODE/>
       <VATGOODSNATURE/>
       <POSPAYMENTTYPE/>
       <GSTPARTYLEDGER/>
       <ORIGPURCHPARTY/>
       <ORIGPURCHPARTYADDRESS/>
       <ORIGPURCHINVNO/>
       <ORIGPURCHNOTE/>
       <ISDEEMEDPOSITIVE>No</ISDEEMEDPOSITIVE>
       <LEDGERFROMITEM>No</LEDGERFROMITEM>
       <REMOVEZEROENTRIES>No</REMOVEZEROENTRIES>
       <ISPARTYLEDGER>Yes</ISPARTYLEDGER>
       <ISLASTDEEMEDPOSITIVE>No</ISLASTDEEMEDPOSITIVE>
       <ISCAPVATTAXALTERED>No</ISCAPVATTAXALTERED>
       <ISCAPVATNOTCLAIMED>No</ISCAPVATNOTCLAIMED>
       <STCRADJPERCENT>0</STCRADJPERCENT>
       <ROUNDLIMIT>0</ROUNDLIMIT>
       <RATEOFADDLVAT>0</RATEOFADDLVAT>
       <RATEOFCESSONVAT>0</RATEOFCESSONVAT>
       <VATTAXRATE>0</VATTAXRATE>
       <VATITEMQTY>0</VATITEMQTY>
       <PREVINVTOTALNUM>0</PREVINVTOTALNUM>
       <VATWCDEDUCTIONRATE>0</VATWCDEDUCTIONRATE>
       <GSTTAXRATE>0</GSTTAXRATE>
       <ORIGINVGOODSQTY>0</ORIGINVGOODSQTY>
       <CAPVATTAXRATE>0</CAPVATTAXRATE>
       <AMOUNT>2000.00</AMOUNT>
       <FBTEXEMPTAMOUNT/>
       <VATASSESSABLEVALUE/>
       <VATWCCOSTOFLAND/>
       <VATWCDEDLABOURCHARGES/>
       <VATWCOTHERDEDUCTIONAMT/>
       <VATWCVALUEOFTAXFREEGOODS/>
       <VATWCOTHERCHARGES/>
       <VATWCSUBCONTRACTORAMT/>
       <PREVAMOUNT/>
       <PREVINVTOTALAMT/>
       <VATWCDEDUCTIONAMOUNT/>
       <ORIGINVGOODSVALUE/>
       <CENVATCAPTINPUTAMT/>
       <GSTASSESSABLEVALUE/>
       <IGSTLIABILITY/>
       <CGSTLIABILITY/>
       <SGSTLIABILITY/>
       <GSTCESSLIABILITY/>
       <GSTOVRDNASSESSABLEVALUE/>
       <GSTASSBLVALUE/>
       <ORIGINVGOODSTAXVALUE/>
       <VATWCESTABLISHMENTCOST/>
       <VATWCCONTRACTORPROFIT/>
       <VATWCPLANNINGDESIGNFEES/>
       <VATWCMACHINERYTOOLSCHARGES/>
       <VATWCCONSUMABLESCOST/>
       <VATEXPAMOUNT/>
       <VATASSBLVALUE/>
       <VATACCEPTEDTAXAMT/>
       <VATACCEPTEDADDLTAXAMT/>
       <CASHRECEIVED/>
       <CAPVATASSEABLEVALUE/>
       <CAPVATTAXVALUE/>
       <ORIGPURCHVALUE/>
       <SUPPLYMARGVAL/>
       <DENOMINATIONCOUNT2000X>0</DENOMINATIONCOUNT2000X>
       <DENOMINATIONCOUNT1000X>0</DENOMINATIONCOUNT1000X>
       <DENOMINATIONCOUNT500X>0</DENOMINATIONCOUNT500X>
       <DENOMINATIONCOUNT200X>0</DENOMINATIONCOUNT200X>
       <DENOMINATIONCOUNT100X>0</DENOMINATIONCOUNT100X>
       <DENOMINATIONCOUNT50X>0</DENOMINATIONCOUNT50X>
       <DENOMINATIONCOUNT20X>0</DENOMINATIONCOUNT20X>
       <DENOMINATIONCOUNT10X>0</DENOMINATIONCOUNT10X>
       <DENOMINATIONCOUNT5X>0</DENOMINATIONCOUNT5X>
       <DENOMINATIONCOUNT2X>0</DENOMINATIONCOUNT2X>
       <DENOMINATIONCOUNT1X>0</DENOMINATIONCOUNT1X>
       <DENOMINATIONAMOUNTOTHERS/>
       <CURRPARTYLEDGERNAME/>
       <TEMPVATCLASSIFICATION/>
       <INVOICEROUNDINGDIFFVAL/>
       <VATGCCTAXAMOUNT/>
       <GSTCOMPDUTYAMOUNT/>
       <EXCISETEMPDUTYVAL/>
       <ISVATADJLEDGER/>
       <VATASSESMENTATE>0</VATASSESMENTATE>
       <GSTLEDGERDISCOUNT/>
       <GVATLEDGEREXCISE/>
       <GSTDUTYAMOUNT/>
       <RBVATTAXAMOUNT/>
       <SALESCESSTAXAMOUNT/>
       <SERVICETAXDETAILS.LIST>       </SERVICETAXDETAILS.LIST>
       <BANKALLOCATIONS.LIST>       </BANKALLOCATIONS.LIST>
       <BILLALLOCATIONS.LIST>
        <YEAREND/>
        <NAME>11</NAME>
        <BILLCREDITPERIOD JD="44417" P="30 Days">30 Days</BILLCREDITPERIOD>
        <TDSDEDUCTEESECTIONNUMBER/>
        <TDSLEDGERNC/>
        <SERVICETAXLEDGER/>
        <BILLTYPE>Agst Ref</BILLTYPE>
        <SUMNAME/>
        <TDSDEDUCTEEISSPECIALRATE>No</TDSDEDUCTEEISSPECIALRATE>
        <TDSDEDUCTEESPECIALRATE>0</TDSDEDUCTEESPECIALRATE>
        <AMOUNT>2000.00</AMOUNT>
        <INTERESTCOLLECTION.LIST>        </INTERESTCOLLECTION.LIST>
        <STBILLCATEGORIES.LIST>        </STBILLCATEGORIES.LIST>
       </BILLALLOCATIONS.LIST>
       <INTERESTCOLLECTION.LIST>       </INTERESTCOLLECTION.LIST>
       <OLDAUDITENTRIES.LIST>       </OLDAUDITENTRIES.LIST>
       <ACCOUNTAUDITENTRIES.LIST>       </ACCOUNTAUDITENTRIES.LIST>
       <AUDITENTRIES.LIST>       </AUDITENTRIES.LIST>
       <INPUTCRALLOCS.LIST>       </INPUTCRALLOCS.LIST>
       <DUTYHEADDETAILS.LIST>       </DUTYHEADDETAILS.LIST>
       <EXCISEDUTYHEADDETAILS.LIST>       </EXCISEDUTYHEADDETAILS.LIST>
       <RATEDETAILS.LIST>       </RATEDETAILS.LIST>
       <SUMMARYALLOCS.LIST>       </SUMMARYALLOCS.LIST>
       <STPYMTDETAILS.LIST>       </STPYMTDETAILS.LIST>
       <EXCISEPAYMENTALLOCATIONS.LIST>       </EXCISEPAYMENTALLOCATIONS.LIST>
       <TAXBILLALLOCATIONS.LIST>       </TAXBILLALLOCATIONS.LIST>
       <TAXOBJECTALLOCATIONS.LIST>       </TAXOBJECTALLOCATIONS.LIST>
       <TDSEXPENSEALLOCATIONS.LIST>       </TDSEXPENSEALLOCATIONS.LIST>
       <VATSTATUTORYDETAILS.LIST>       </VATSTATUTORYDETAILS.LIST>
       <COSTTRACKALLOCATIONS.LIST>       </COSTTRACKALLOCATIONS.LIST>
       <REFVOUCHERDETAILS.LIST>       </REFVOUCHERDETAILS.LIST>
       <INVOICEWISEDETAILS.LIST>       </INVOICEWISEDETAILS.LIST>
       <VATITCDETAILS.LIST>       </VATITCDETAILS.LIST>
       <ADVANCETAXDETAILS.LIST>       </ADVANCETAXDETAILS.LIST>
      </ALLLEDGERENTRIES.LIST>
      <ALLLEDGERENTRIES.LIST>
       <OLDAUDITENTRYIDS.LIST TYPE="Number">
        <OLDAUDITENTRYIDS>-1</OLDAUDITENTRYIDS>
       </OLDAUDITENTRYIDS.LIST>
       <ORIGPURCHINVDATE/>
       <NARRATION/>
       <ADDLALLOCTYPE/>
       <TAXCLASSIFICATIONNAME/>
       <NOTIFICATIONSLNO/>
       <SWIFTCODE/>
       <ROUNDTYPE/>
       <LEDGERNAME>CASH</LEDGERNAME>
       <TAXUNITNAME/>
       <STATNATURENAME/>
       <GOODSTYPE/>
       <METHODTYPE/>
       <CLASSRATE/>
       <STATCLASSIFICATIONNAME/>
       <EXCISECLASSIFICATIONNAME/>
       <ISZRBASICSERVICE/>
       <VATCOMMODITYNAME/>
       <SCHEDULE/>
       <SCHEDULESERIALNUMBER/>
       <VATCOMMODITYCODE/>
       <VATSUBCOMMODITYCODE/>
       <VATTRADENAME/>
       <VATMAJORCOMMODITYNAME/>
       <TDSPARTYNAME/>
       <VATPARTYORGNAME/>
       <XBRLADJTYPE/>
       <VOUCHERFBTCATEGORY/>
       <TYPEOFTAXPAYMENT/>
       <VATCALCULATIONTYPE/>
       <VATWORKSCONTRACTTYPE/>
       <VATWCDESCRIPTION/>
       <GSTCLASS/>
       <SCHVIADJTYPE/>
       <GSTOVRDNCLASSIFICATION/>
       <GSTOVRDNNATURE/>
       <GSTOVRDNINELIGIBLEITC/>
       <GSTOVRDNISREVCHARGEAPPL/>
       <GSTOVRDNTAXABILITY/>
       <GSTHSNSACCODE/>
       <VATGOODSNATURE/>
       <POSPAYMENTTYPE/>
       <GSTPARTYLEDGER/>
       <ORIGPURCHPARTY/>
       <ORIGPURCHPARTYADDRESS/>
       <ORIGPURCHINVNO/>
       <ORIGPURCHNOTE/>
       <ISDEEMEDPOSITIVE>Yes</ISDEEMEDPOSITIVE>
       <LEDGERFROMITEM>No</LEDGERFROMITEM>
       <REMOVEZEROENTRIES>No</REMOVEZEROENTRIES>
       <ISPARTYLEDGER>Yes</ISPARTYLEDGER>
       <ISLASTDEEMEDPOSITIVE>Yes</ISLASTDEEMEDPOSITIVE>
       <ISCAPVATTAXALTERED>No</ISCAPVATTAXALTERED>
       <ISCAPVATNOTCLAIMED>No</ISCAPVATNOTCLAIMED>
       <STCRADJPERCENT>0</STCRADJPERCENT>
       <ROUNDLIMIT>0</ROUNDLIMIT>
       <RATEOFADDLVAT>0</RATEOFADDLVAT>
       <RATEOFCESSONVAT>0</RATEOFCESSONVAT>
       <VATTAXRATE>0</VATTAXRATE>
       <VATITEMQTY>0</VATITEMQTY>
       <PREVINVTOTALNUM>0</PREVINVTOTALNUM>
       <VATWCDEDUCTIONRATE>0</VATWCDEDUCTIONRATE>
       <GSTTAXRATE>0</GSTTAXRATE>
       <ORIGINVGOODSQTY>0</ORIGINVGOODSQTY>
       <CAPVATTAXRATE>0</CAPVATTAXRATE>
       <AMOUNT>-2000.00</AMOUNT>
       <FBTEXEMPTAMOUNT/>
       <VATASSESSABLEVALUE/>
       <VATWCCOSTOFLAND/>
       <VATWCDEDLABOURCHARGES/>
       <VATWCOTHERDEDUCTIONAMT/>
       <VATWCVALUEOFTAXFREEGOODS/>
       <VATWCOTHERCHARGES/>
       <VATWCSUBCONTRACTORAMT/>
       <PREVAMOUNT/>
       <PREVINVTOTALAMT/>
       <VATWCDEDUCTIONAMOUNT/>
       <ORIGINVGOODSVALUE/>
       <CENVATCAPTINPUTAMT/>
       <GSTASSESSABLEVALUE/>
       <IGSTLIABILITY/>
       <CGSTLIABILITY/>
       <SGSTLIABILITY/>
       <GSTCESSLIABILITY/>
       <GSTOVRDNASSESSABLEVALUE/>
       <GSTASSBLVALUE/>
       <ORIGINVGOODSTAXVALUE/>
       <VATWCESTABLISHMENTCOST/>
       <VATWCCONTRACTORPROFIT/>
       <VATWCPLANNINGDESIGNFEES/>
       <VATWCMACHINERYTOOLSCHARGES/>
       <VATWCCONSUMABLESCOST/>
       <VATEXPAMOUNT/>
       <VATASSBLVALUE/>
       <VATACCEPTEDTAXAMT/>
       <VATACCEPTEDADDLTAXAMT/>
       <CASHRECEIVED/>
       <CAPVATASSEABLEVALUE/>
       <CAPVATTAXVALUE/>
       <ORIGPURCHVALUE/>
       <SUPPLYMARGVAL/>
       <DENOMINATIONCOUNT2000X>0</DENOMINATIONCOUNT2000X>
       <DENOMINATIONCOUNT1000X>0</DENOMINATIONCOUNT1000X>
       <DENOMINATIONCOUNT500X>0</DENOMINATIONCOUNT500X>
       <DENOMINATIONCOUNT200X>0</DENOMINATIONCOUNT200X>
       <DENOMINATIONCOUNT100X>0</DENOMINATIONCOUNT100X>
       <DENOMINATIONCOUNT50X>0</DENOMINATIONCOUNT50X>
       <DENOMINATIONCOUNT20X>0</DENOMINATIONCOUNT20X>
       <DENOMINATIONCOUNT10X>0</DENOMINATIONCOUNT10X>
       <DENOMINATIONCOUNT5X>0</DENOMINATIONCOUNT5X>
       <DENOMINATIONCOUNT2X>0</DENOMINATIONCOUNT2X>
       <DENOMINATIONCOUNT1X>0</DENOMINATIONCOUNT1X>
       <DENOMINATIONAMOUNTOTHERS/>
       <CURRPARTYLEDGERNAME/>
       <TEMPVATCLASSIFICATION/>
       <INVOICEROUNDINGDIFFVAL/>
       <VATGCCTAXAMOUNT/>
       <GSTCOMPDUTYAMOUNT/>
       <EXCISETEMPDUTYVAL/>
       <ISVATADJLEDGER/>
       <VATASSESMENTATE>0</VATASSESMENTATE>
       <GSTLEDGERDISCOUNT/>
       <GVATLEDGEREXCISE/>
       <GSTDUTYAMOUNT/>
       <RBVATTAXAMOUNT/>
       <SALESCESSTAXAMOUNT/>
       <SERVICETAXDETAILS.LIST>       </SERVICETAXDETAILS.LIST>
       <BANKALLOCATIONS.LIST>       </BANKALLOCATIONS.LIST>
       <BILLALLOCATIONS.LIST>       </BILLALLOCATIONS.LIST>
       <INTERESTCOLLECTION.LIST>       </INTERESTCOLLECTION.LIST>
       <OLDAUDITENTRIES.LIST>       </OLDAUDITENTRIES.LIST>
       <ACCOUNTAUDITENTRIES.LIST>       </ACCOUNTAUDITENTRIES.LIST>
       <AUDITENTRIES.LIST>       </AUDITENTRIES.LIST>
       <INPUTCRALLOCS.LIST>       </INPUTCRALLOCS.LIST>
       <DUTYHEADDETAILS.LIST>       </DUTYHEADDETAILS.LIST>
       <EXCISEDUTYHEADDETAILS.LIST>       </EXCISEDUTYHEADDETAILS.LIST>
       <RATEDETAILS.LIST>       </RATEDETAILS.LIST>
       <SUMMARYALLOCS.LIST>       </SUMMARYALLOCS.LIST>
       <STPYMTDETAILS.LIST>       </STPYMTDETAILS.LIST>
       <EXCISEPAYMENTALLOCATIONS.LIST>       </EXCISEPAYMENTALLOCATIONS.LIST>
       <TAXBILLALLOCATIONS.LIST>       </TAXBILLALLOCATIONS.LIST>
       <TAXOBJECTALLOCATIONS.LIST>       </TAXOBJECTALLOCATIONS.LIST>
       <TDSEXPENSEALLOCATIONS.LIST>       </TDSEXPENSEALLOCATIONS.LIST>
       <VATSTATUTORYDETAILS.LIST>       </VATSTATUTORYDETAILS.LIST>
       <COSTTRACKALLOCATIONS.LIST>       </COSTTRACKALLOCATIONS.LIST>
       <REFVOUCHERDETAILS.LIST>       </REFVOUCHERDETAILS.LIST>
       <INVOICEWISEDETAILS.LIST>       </INVOICEWISEDETAILS.LIST>
       <VATITCDETAILS.LIST>       </VATITCDETAILS.LIST>
       <ADVANCETAXDETAILS.LIST>       </ADVANCETAXDETAILS.LIST>
      </ALLLEDGERENTRIES.LIST>
      <PAYROLLMODEOFPAYMENT.LIST>      </PAYROLLMODEOFPAYMENT.LIST>
      <ATTDRECORDS.LIST>      </ATTDRECORDS.LIST>
      <GSTEWAYCONSIGNORADDRESS.LIST>      </GSTEWAYCONSIGNORADDRESS.LIST>
      <GSTEWAYCONSIGNEEADDRESS.LIST>      </GSTEWAYCONSIGNEEADDRESS.LIST>
      <TEMPGSTRATEDETAILS.LIST>      </TEMPGSTRATEDETAILS.LIST>
     </VOUCHER>
    </TALLYMESSAGE>
    <TALLYMESSAGE xmlns:UDF="TallyUDF">
     <VOUCHER REMOTEID="0104ec5d-3a78-4045-b472-e46e6308b8a0-0000016c" VCHKEY="0104ec5d-3a78-4045-b472-e46e6308b8a0-0000ad92:00000028" VCHTYPE="Receipt" ACTION="Create" OBJVIEW="Accounting Voucher View">
      <OLDAUDITENTRYIDS.LIST TYPE="Number">
       <OLDAUDITENTRYIDS>-1</OLDAUDITENTRYIDS>
      </OLDAUDITENTRYIDS.LIST>
      <ACTIVETO/>
      <ALTEREDON/>
      <DATE>20210827</DATE>
      <LUTDATEOFISSUE/>
      <LUTEXPIRYDATE/>
      <BONDDATEOFISSUE/>
      <BONDEXPIRYDATE/>
      <TAXCHEQUEDATE/>
      <TAXCHALLANDATE/>
      <REFERENCEDATE/>
      <SHIPPINGBILLDATE/>
      <BILLOFENTRYDATE/>
      <VATPARTYTRANSRETURNDATE/>
      <RECONCILATIONDATE/>
      <FORM16ISSUEDATE/>
      <CSTFORMISSUEDATE/>
      <CSTFORMRECVDATE/>
      <CERTIFICATEDATE/>
      <FBTFROMDATE/>
      <FBTTODATE/>
      <RETURNINVOICEDATE/>
      <AGGREMENTORDERDATE/>
      <GOODSRCPTDATE/>
      <LORRYRECPTDATE/>
      <TRANSSALELANDINGDATE/>
      <TRANSBUYERLANDINGDATE/>
      <CREDITLETTERDATE/>
      <AIRWAYBILLDATE/>
      <VATORDERDATE/>
      <INVDELIVERYDATE/>
      <BILLOFLADINGDATE/>
      <VATDEPOSITDATE/>
      <VATDOCUMENTDATE/>
      <VATCHALLANDATE/>
      <ECDATE/>
      <VATTDSDATE/>
      <ADJFROMDATE/>
      <ADJTODATE/>
      <VATDDCHEQUEDATE/>
      <TAXPAYPERIODFROMDATE/>
      <TAXPAYPERIODTODATE/>
      <STTAXCHALLANDATE/>
      <GSTCHALLANDATE/>
      <GSTCHALLANEXPIRYDATE/>
      <ADJPARTYINVOICEDATE/>
      <ADJPARTYPAYMENTDATE/>
      <PARTYORDERDATE/>
      <ADVANCERECEIPTDATE/>
      <REFUNDVOUCHERDATE/>
      <IRNACKDATE/>
      <IRNCANCELDATE/>
      <VATSUBMISSIONDATE/>
      <PARTYINVDATE/>
      <INSPDOCDATE/>
      <VATCANCINVDATE/>
      <VATGOODSRECEIPTDATE/>
      <VATCSTE1DATE/>
      <DISPATCHDATE/>
      <AUDITEDON/>
      <GUID>0104ec5d-3a78-4045-b472-e46e6308b8a0-0000016c</GUID>
      <GSTREGISTRATIONTYPE/>
      <VATDEALERTYPE/>
      <STATENAME/>
      <PRICELEVEL/>
      <TDSNATUREOFPAYMENT/>
      <AUTOCOSTLEVEL/>
      <NARRATION/>
      <REQUESTORRULE/>
      <ALTEREDBY/>
      <COUNTRYOFRESIDENCE/>
      <IMPORTEREXPORTERCODE/>
      <PARTYGSTIN/>
      <NATUREOFSALES/>
      <EXCISENOTIFICATIONNO/>
      <PLACEOFSUPPLY/>
      <LUTNUMBER/>
      <BONDNUMBER/>
      <AUTHORITYNAME/>
      <AUTHORITYADDRESS/>
      <TAXUNITNAME/>
      <EXCISEUNITNAME/>
      <CLASSNAME/>
      <POSCARDLEDGER/>
      <POSCASHLEDGER/>
      <POSGIFTLEDGER/>
      <POSCHEQUELEDGER/>
      <EXCISECLASSIFICATIONNAME/>
      <TDSSECTIONNO/>
      <TDSDEDNSTATUS/>
      <TAXBANKCHALLANNUMBER/>
      <TAXCHALLANBSRCODE/>
      <TAXCHEQUENUMBER/>
      <TAXBANKNAME/>
      <TAXBANKBRANCHNAME/>
      <PARTYNAME/>
      <PARTYLEDGERNAME>D K Ltd</PARTYLEDGERNAME>
      <GSTACTIVITYSTATUS/>
      <TAXADJUSTMENT/>
      <BUYERADDRESSTYPE/>
      <PORTCODE/>
      <SHIPPINGBILLNO/>
      <BILLOFENTRYNO/>
      <VATPARTYTRANSRETURNNUMBER/>
      <URDORIGINALSALEVALUE/>
      <GSTNATUREOFRETURN/>
      <VOUCHERTYPENAME>Receipt</VOUCHERTYPENAME>
      <REFERENCE/>
      <VOUCHERNUMBER>12</VOUCHERNUMBER>
      <BASICBASEPARTYNAME/>
      <BASICVOUCHERCHEQUENAME/>
      <BASICVOUCHERCROSSCOMMENT/>
      <EXCHGCURRENCYNAME/>
      <SERIALMASTER/>
      <SERIALNUMBER/>
      <STATADJUSTMENTTYPE/>
      <STATPAYMENTTYPE/>
      <CONSIGNEEIECODE/>
      <SUPPLIERIECODE/>
      <ARESERIALMASTER/>
      <ARESERIALNUMBER/>
      <SUMAUTOVCHNUM/>
      <TAXBANKACCOUNTNUMBER/>
      <CSTFORMISSUETYPE/>
      <CSTFORMISSUENUMBER/>
      <CSTFORMRECVTYPE/>
      <CSTFORMRECVNUMBER/>
      <CONSIGNEECSTNUMBER/>
      <BUYERSCSTNUMBER/>
      <CSTFORMISSUESERIESNUM/>
      <CSTFORMRECVSERIESNUM/>
      <EXCISETREASURYNUMBER/>
      <EXCISETREASURYNAME/>
      <CERTIFICATETYPE/>
      <CERTIFICATENUMBER/>
      <AREFORMTYPE/>
      <DESTINATIONTAXUNIT/>
      <FBTPAYMENTTYPE>Default</FBTPAYMENTTYPE>
      <POSCARDNUMBER/>
      <POSCHEQUENUMBER/>
      <POSCHEQUEBANKNAME/>
      <CHALLANTYPE/>
      <CHEQUEDEPOSITORNAME/>
      <EXCISENOTIFICATIONSERIALNO/>
      <PERSISTEDVIEW>Accounting Voucher View</PERSISTEDVIEW>
      <EXCISETARIFFTYPE/>
      <CONSIGNEELBTREGNNO/>
      <CONSIGNEELBTZONE/>
      <SUPPLIERLBTREGNNO/>
      <SUPPLIERLBTZONE/>
      <LBTMAPPEDCATEGORY/>
      <LBTMAPPEDZONE/>
      <LBTNATUREOFLIABILITY/>
      <CASHPARTYPAN/>
      <CASHPARTYDEDTYPE/>
      <VCHTAXTYPE/>
      <PURPOSEOFPURCHASE/>
      <POINTOFTRANSACTION/>
      <TRANSPORTERNAME/>
      <TRANSPORTMODE/>
      <AGGREMENTORDERNO/>
      <FOREIGNSELLERNAME/>
      <EXPORTERCOUNTRY/>
      <GOODSVEHICLENUMBER/>
      <SHIPNAME/>
      <SHIPAGENTNAME/>
      <CLEARINGAGENTNAME/>
      <LORRYRECPTNO/>
      <CARRIERNAME/>
      <CREDITLETTERREF/>
      <AIRWAYBILLNO/>
      <FWDAGENTNAME/>
      <VATORDERNO/>
      <VATSELLERTIN/>
      <TRANSSOURCEPLACE/>
      <TRANSCATEGORY/>
      <VATDOCUMENTTYPE/>
      <VATTRANSBILLQTY/>
      <VATTRANSBILLNO/>
      <BILLOFLADINGNO/>
      <VATPAIDAGAINST/>
      <VATBANKNAME/>
      <VATBANKBRANCH/>
      <VATDDCHEQUENO/>
      <VATADJUSTMENTTYPE/>
      <VATFORMSTATUS/>
      <VATDOCUMENTNUMBER/>
      <VATSOURCESTATE/>
      <VATDESTINATIONSTATE/>
      <VATDESTINATIONPLACE/>
      <VATPARTYORGTYPE/>
      <VATPARTYTYPE/>
      <VATCHALLANNUMBER/>
      <VATDESIGOFPURCHASER/>
      <VATPURCHASERCPTTYPE/>
      <VATGOODSRCPTNO/>
      <VATPARTYORGNAME/>
      <AIRPORTNAME/>
      <TDNOFAWARDER/>
      <ECNUMBER/>
      <ECISSUINGAUTHORITY/>
      <CONTRACTORTIN/>
      <VATTDSBARCODE/>
      <VATPYMTMODEOFDEPOSIT/>
      <VATPYMTTAXDESC/>
      <VATBANKACCNUMBER/>
      <VATBRANCHCODE/>
      <VATTRANSSOURCE/>
      <VATADJADDLDETAILS/>
      <VATBRANCHNAME/>
      <PRIORITYSTATECONFLICT/>
      <EICHECKPOST/>
      <PORTNAME/>
      <VATEFORMAPPLICABLE/>
      <VATEFORMAPPLICABLENO/>
      <VATINCOURSEOF/>
      <VATDISPATCHTIME/>
      <VATTRANSPORTERADDRESS/>
      <VATCONTRACTEETDN/>
      <VATCONTRACTEEDISTRICT/>
      <VATCONTRACTEENAME/>
      <CONSUMERIDENTIFICATIONNUMBER/>
      <STTVCHRHANDLE/>
      <SRVTREGNUMBER/>
      <TAXPAYMENTTYPE/>
      <STTAXBANKCHALLANNUMBER/>
      <TYPEOFEXCISEVOUCHER/>
      <GSTBANKNAME/>
      <GSTBANKACCOUNTNUMBER/>
      <GSTBANKACCOUNTTYPE/>
      <GSTBANKACCOUNTHOLDER/>
      <GSTBANKBRANCHADDRESS/>
      <GSTBANKIFSCCODE/>
      <GSTBANKMICRCODE/>
      <GSTDEBITDOCNUMBER/>
      <GSTPYMTMODEOFDEPOSIT/>
      <GSTBANKBRANCHNAME/>
      <GSTINSTRUMENTNUMBER/>
      <GSTCHALLANNUMBER/>
      <GSTCPINNUMBER/>
      <GSTCINNUMBER/>
      <ADJPARTYGSTIN/>
      <ADJPARTYINVOICENO/>
      <GSTMERCHANTID/>
      <PARTYORDERNO/>
      <GSTITCREVERSALDETAILS/>
      <GSTITCDOCUMENTTYPE/>
      <GSTADDITIONALDETAILS/>
      <GSTRECONSTATUS/>
      <GSTREASONFORREJECTION/>
      <ADVANCERECEIPTNUMBER/>
      <REFUNDVOUCHERNUMBER/>
      <VCHTAXUNIT/>
      <CONSIGNEEGSTIN/>
      <IRNACKNO/>
      <IRN/>
      <IRNQRCODE/>
      <BILLTOPLACE/>
      <SHIPTOPLACE/>
      <DISPATCHFROMNAME/>
      <DISPATCHFROMADDRESSTYPE/>
      <DISPATCHFROMSTATENAME/>
      <DISPATCHFROMPINCODE/>
      <DISPATCHFROMPLACE/>
      <IRNCANCELREASON/>
      <IRNCANCELCODE/>
      <BASICSHIPPEDBY/>
      <BASICDESTINATIONCOUNTRY/>
      <BASICBUYERNAME/>
      <BASICPLACEOFRECEIPT/>
      <BASICSHIPDOCUMENTNO/>
      <BASICPORTOFLOADING/>
      <BASICPORTOFDISCHARGE/>
      <BASICFINALDESTINATION/>
      <BASICORDERREF/>
      <BASICSHIPVESSELNO/>
      <BASICBUYERSSALESTAXNO/>
      <BASICDUEDATEOFPYMT/>
      <BASICSERIALNUMINPLA/>
      <BASICDATETIMEOFINVOICE/>
      <BASICDATETIMEOFREMOVAL/>
      <PARTYADDRESSTYPE/>
      <MFGRADDRESSTYPE/>
      <TRANSPORTERADDRROOM/>
      <TRANSPORTERADDRBLDG/>
      <TRANSPORTERADDRROAD/>
      <TRANSPORTERADDRAREA/>
      <TRANSPORTERADDRTOWN/>
      <TRANSPORTERADDRDIST/>
      <TRANSPORTERADDRSTATE/>
      <TRANSPORTERADDRPINCODE/>
      <TRANSPORTERADDRPHONE/>
      <TRANSPORTERADDRFAX/>
      <TRANSPORTERVEHICLE2/>
      <TRANSPORTLOCALTIN/>
      <VATCFORMISSUESTATE/>
      <PLACEOFSUPPLYSTATE/>
      <PLACEOFSUPPLYCOUNTRY/>
      <EMIRATEPOS/>
      <PARTYMAILINGNAME/>
      <PARTYPINCODE/>
      <CONSIGNEEMAILINGNAME/>
      <CONSIGNEECOUNTRYNAME/>
      <VCHGSTCLASS/>
      <COSTCENTRENAME/>
      <ADDITIONALNARRATION/>
      <PARTYINVNO/>
      <INSPDOCNO/>
      <SETTLEMENTTYPE/>
      <VOUCHERTIME/>
      <HOLDREFERENCE/>
      <VATCANCINVNO/>
      <VATCANCPURCTIN/>
      <VATCANCPURCNAME/>
      <VATTYPEOFDEVICE/>
      <VATBRIEFDESCRIPTION/>
      <VATDEVICENO/>
      <BUYERPINNUMBER/>
      <VATEXPORTENTRYNO/>
      <CONSIGNEEPINNUMBER/>
      <VATEXEMPTCERTIFICATENO/>
      <VATVEHICLENUMBER/>
      <VATGOODSRECEIPTNUMBER/>
      <VATMOBILENUMBER/>
      <VATCSTE1SERIESNO/>
      <VATCSTE1SERIALNO/>
      <VATPERMITFORM/>
      <VATCERTIFICATENO/>
      <CONSIGNEECIRCLE/>
      <CONSIGNEECITY/>
      <CONSIGNEESTATENAME/>
      <CONSIGNEEPINCODE/>
      <CONSIGNEEMOBILENUMBER/>
      <CONSIGNEEOTHERS/>
      <CONSIGNEEMAIL/>
      <DELIVERYCITY/>
      <DELIVERYPINCODE/>
      <DELIVERYOTHERS/>
      <DELIVERYSTATE/>
      <DISPATCHCITY/>
      <DISPATCHPINCODE/>
      <DESTINATIONPERMITNUMBER/>
      <ENTRYCHECKPOSTLOCATION/>
      <EXITCHECKPOSTLOCATION/>
      <VATTDSDEDUCTORNAME/>
      <VCHENTRYMODE/>
      <ENTEREDBY/>
      <VOUCHERTYPEORIGNAME>Receipt</VOUCHERTYPEORIGNAME>
      <DIFFACTUALQTY>No</DIFFACTUALQTY>
      <ISMSTFROMSYNC>No</ISMSTFROMSYNC>
      <ASORIGINAL>No</ASORIGINAL>
      <AUDITED>No</AUDITED>
      <FORJOBCOSTING>No</FORJOBCOSTING>
      <ISOPTIONAL>No</ISOPTIONAL>
      <EFFECTIVEDATE>20210827</EFFECTIVEDATE>
      <USEFOREXCISE>No</USEFOREXCISE>
      <ISFORJOBWORKIN>No</ISFORJOBWORKIN>
      <ALLOWCONSUMPTION>No</ALLOWCONSUMPTION>
      <USEFORINTEREST>No</USEFORINTEREST>
      <USEFORGAINLOSS>No</USEFORGAINLOSS>
      <USEFORGODOWNTRANSFER>No</USEFORGODOWNTRANSFER>
      <USEFORCOMPOUND>No</USEFORCOMPOUND>
      <USEFORSERVICETAX>No</USEFORSERVICETAX>
      <ISDELETED>No</ISDELETED>
      <ISONHOLD>No</ISONHOLD>
      <ISBOENOTAPPLICABLE>No</ISBOENOTAPPLICABLE>
      <ISEXCISEVOUCHER>No</ISEXCISEVOUCHER>
      <EXCISETAXOVERRIDE>No</EXCISETAXOVERRIDE>
      <USEFORTAXUNITTRANSFER>No</USEFORTAXUNITTRANSFER>
      <IGNOREPOSVALIDATION>No</IGNOREPOSVALIDATION>
      <EXCISEOPENING>No</EXCISEOPENING>
      <USEFORFINALPRODUCTION>No</USEFORFINALPRODUCTION>
      <ISTDSOVERRIDDEN>No</ISTDSOVERRIDDEN>
      <ISTCSOVERRIDDEN>No</ISTCSOVERRIDDEN>
      <ISTDSTCSCASHVCH>No</ISTDSTCSCASHVCH>
      <INCLUDEADVPYMTVCH>No</INCLUDEADVPYMTVCH>
      <ISSUBWORKSCONTRACT>No</ISSUBWORKSCONTRACT>
      <ISVATOVERRIDDEN>No</ISVATOVERRIDDEN>
      <IGNOREORIGVCHDATE>No</IGNOREORIGVCHDATE>
      <ISVATPAIDATCUSTOMS>No</ISVATPAIDATCUSTOMS>
      <ISDECLAREDTOCUSTOMS>No</ISDECLAREDTOCUSTOMS>
      <ISSERVICETAXOVERRIDDEN>No</ISSERVICETAXOVERRIDDEN>
      <ISISDVOUCHER>No</ISISDVOUCHER>
      <ISEXCISEOVERRIDDEN>No</ISEXCISEOVERRIDDEN>
      <ISEXCISESUPPLYVCH>No</ISEXCISESUPPLYVCH>
      <ISGSTOVERRIDDEN>No</ISGSTOVERRIDDEN>
      <GSTNOTEXPORTED>No</GSTNOTEXPORTED>
      <IGNOREGSTINVALIDATION>No</IGNOREGSTINVALIDATION>
      <ISGSTREFUND>No</ISGSTREFUND>
      <ISGSTSECSEVENAPPLICABLE>No</ISGSTSECSEVENAPPLICABLE>
      <ISVATPRINCIPALACCOUNT>No</ISVATPRINCIPALACCOUNT>
      <IGNOREEINVVALIDATION>No</IGNOREEINVVALIDATION>
      <IRNJSONEXPORTED>No</IRNJSONEXPORTED>
      <IRNCANCELLED>No</IRNCANCELLED>
      <ISSHIPPINGWITHINSTATE>No</ISSHIPPINGWITHINSTATE>
      <ISOVERSEASTOURISTTRANS>No</ISOVERSEASTOURISTTRANS>
      <ISDESIGNATEDZONEPARTY>No</ISDESIGNATEDZONEPARTY>
      <ISCANCELLED>No</ISCANCELLED>
      <HASCASHFLOW>Yes</HASCASHFLOW>
      <ISPOSTDATED>No</ISPOSTDATED>
      <USETRACKINGNUMBER>No</USETRACKINGNUMBER>
      <ISINVOICE>No</ISINVOICE>
      <MFGJOURNAL>No</MFGJOURNAL>
      <HASDISCOUNTS>No</HASDISCOUNTS>
      <ASPAYSLIP>No</ASPAYSLIP>
      <ISCOSTCENTRE>No</ISCOSTCENTRE>
      <ISSTXNONREALIZEDVCH>No</ISSTXNONREALIZEDVCH>
      <ISEXCISEMANUFACTURERON>No</ISEXCISEMANUFACTURERON>
      <ISBLANKCHEQUE>No</ISBLANKCHEQUE>
      <ISVOID>No</ISVOID>
      <ORDERLINESTATUS>No</ORDERLINESTATUS>
      <VATISAGNSTCANCSALES>No</VATISAGNSTCANCSALES>
      <VATISPURCEXEMPTED>No</VATISPURCEXEMPTED>
      <ISVATRESTAXINVOICE>No</ISVATRESTAXINVOICE>
      <VATISASSESABLECALCVCH>No</VATISASSESABLECALCVCH>
      <ISVATDUTYPAID>Yes</ISVATDUTYPAID>
      <ISDELIVERYSAMEASCONSIGNEE>No</ISDELIVERYSAMEASCONSIGNEE>
      <ISDISPATCHSAMEASCONSIGNOR>No</ISDISPATCHSAMEASCONSIGNOR>
      <ISDELETEDVCHRETAINED>No</ISDELETEDVCHRETAINED>
      <CHANGEVCHMODE>No</CHANGEVCHMODE>
      <RESETIRNQRCODE>No</RESETIRNQRCODE>
      <ALTERID> 598</ALTERID>
      <MASTERID> 364</MASTERID>
      <VOUCHERKEY>190842576830504</VOUCHERKEY>
      <ECFEERATE>0</ECFEERATE>
      <VATCONSIGNMENTNO>0</VATCONSIGNMENTNO>
      <QRCODECRC>0</QRCODECRC>
      <VATTDSRATE>0</VATTDSRATE>
      <BONDAMOUNT/>
      <POSCASHRECEIVED/>
      <CUSTOMDUTYPAID/>
      <VATPARTYITCCLAIMED/>
      <VATPARTYTAXLIABILITY/>
      <VALUEOFWORKSCONTRACT/>
      <ECFEEAMOUNT/>
      <ECFEEDEPOSITBYAWARDER/>
      <ECFEEDEPOSITBYCONTRACTOR/>
      <TDSDEDUCTED/>
      <VALUEOFSUBWORKSCONT/>
      <VATTDSAMT/>
      <ADJPARTYINVOICEVALUE/>
      <GSTINVASSESSABLEVALUE/>
      <VATGOODSVALUE/>
      <EXCHGRATE/>
      <PROCESSINGDURATION/>
      <TEMPGSTEWAYCONSIGNORADDRESSTYPE/>
      <TEMPGSTEWAYCONSIGNEEADDRESSTYPE/>
      <EIDEFAULTLED_ISZRBASICSERVICE/>
      <PREVBOMNAME/>
      <CURBOMNAME/>
      <COMMONNATUREOFPAYMENT/>
      <TEMPISVCHSUPPLFILLED/>
      <CURRPARTYLEDGERNAME/>
      <CURRBASICBUYERNAME/>
      <CURRPARTYNAME/>
      <CURRBUYERADDRESSTYPE/>
      <CURRPARTYADDRESSTYPE/>
      <CURRSTATENAME/>
      <CURRBASICPURCHASEORDERNO/>
      <CURRBASICSHIPDELIVERYNOTE/>
      <POSSTAXPARTYLEDGERNAME/>
      <ISCSTAGTFORMC/>
      <EIDEFAULTLED_ISUSERDEFINED/>
      <EIDEFAULTLED_CLASSNAME/>
      <EIDEFAULTLED_CLASSRATE>0</EIDEFAULTLED_CLASSRATE>
      <EIDEFAULTLED_CLASSADDLRATE>0</EIDEFAULTLED_CLASSADDLRATE>
      <TEMPVATCLASSIFICATION/>
      <ISATTDDATAPRESERVED/>
      <TEMPGSTEWAYBILLNUMBER/>
      <TEMPGSTEWAYBILLDATE/>
      <TEMPGSTEWAYSUBTYPE/>
      <TEMPGSTEWAYDOCUMENTTYPE/>
      <TEMPGSTEWAYSTATUS/>
      <TEMPGSTEWAYCONSIGNOR/>
      <TEMPGSTEWAYCONSIGNORADDRESS/>
      <TEMPGSTEWAYFROMPLACE/>
      <TEMPCONSIGNORPINCODENUMBER>0</TEMPCONSIGNORPINCODENUMBER>
      <TEMPGSTEWAYPINCODENUMBER>0</TEMPGSTEWAYPINCODENUMBER>
      <TEMPGSTEWAYPINCODE/>
      <TEMPGSTEWAYCONSIGNORTIN/>
      <TEMPGSTEWAYCONSIGNORSTATE/>
      <TEMPGSTEWAYCONSSHIPFROMSTATE/>
      <TEMPGSTEWAYCONSIGNEE/>
      <TEMPGSTEWAYCONSADDRESS/>
      <TEMPGSTEWAYCONSFROMPLACE/>
      <TEMPGSTEWAYCONSPINCODENUMBER>0</TEMPGSTEWAYCONSPINCODENUMBER>
      <TEMPCONSIGNEEPINCODENUMBER>0</TEMPCONSIGNEEPINCODENUMBER>
      <TEMPGSTEWAYCONSPINCODE/>
      <TEMPGSTEWAYCONSTIN/>
      <TEMPGSTEWAYCONSSTATE/>
      <TEMPGSTEWAYCONSSHIPTOSTATE/>
      <TEMPGSTEWAYTRANSPORTMODE/>
      <TEMPGSTEWAYDISTANCE>0</TEMPGSTEWAYDISTANCE>
      <TEMPGSTEWAYTRANSPORTERNAME/>
      <TEMPGSTEWAYVEHICLENUMBER/>
      <TEMPGSTEWAYTRANSPORTERID/>
      <TEMPGSTEWAYTRANSPORTERDOCNO/>
      <TEMPGSTEWAYTRANSPORTERDOCDATE/>
      <TEMPGSTEWAYVEHICLETYPE/>
      <TEMPGSTEWAYCONSBILLNUMBER/>
      <TEMPGSTEWAYCONSBILLDATE/>
      <TEMPISUSERDEFINEDCLASS/>
      <TEMPCLASSNATURE/>
      <TEMPGSTOVRDNINELIGIBLEITC/>
      <TEMPGSTOVRDNISREVCHARGEAPPL/>
      <TEMPGSTOVRDNTAXABILITY/>
      <TEMPGSTOVRDNISREVCHARGEAPPLSTR/>
      <TEMPGSTOVRDNINELIGIBLEITCSTR/>
      <TEMPGSTVCHDESTINATIONSTATE/>
      <TEMPGSTPARTYLEDLOCTYPE/>
      <TEMPGSTPARTYDEALERTYPE/>
      <TEMPGSTRISCOMMONPARTY/>
      <TEMPGSTRCOUNTRY/>
      <TEMPGSTRSTATE/>
      <TEMPGSTRTIN/>
      <TEMPGSTRDEALERTYPE/>
      <CURRGSTCOUNTRY/>
      <EWAYBILLDETAILS.LIST>      </EWAYBILLDETAILS.LIST>
      <EXCLUDEDTAXATIONS.LIST>      </EXCLUDEDTAXATIONS.LIST>
      <OLDAUDITENTRIES.LIST>      </OLDAUDITENTRIES.LIST>
      <ACCOUNTAUDITENTRIES.LIST>      </ACCOUNTAUDITENTRIES.LIST>
      <AUDITENTRIES.LIST>      </AUDITENTRIES.LIST>
      <DUTYHEADDETAILS.LIST>      </DUTYHEADDETAILS.LIST>
      <SUPPLEMENTARYDUTYHEADDETAILS.LIST>      </SUPPLEMENTARYDUTYHEADDETAILS.LIST>
      <IRNERRORLIST.LIST>      </IRNERRORLIST.LIST>
      <INVOICEDELNOTES.LIST>      </INVOICEDELNOTES.LIST>
      <INVOICEORDERLIST.LIST>      </INVOICEORDERLIST.LIST>
      <INVOICEINDENTLIST.LIST>      </INVOICEINDENTLIST.LIST>
      <ATTENDANCEENTRIES.LIST>      </ATTENDANCEENTRIES.LIST>
      <ORIGINVOICEDETAILS.LIST>      </ORIGINVOICEDETAILS.LIST>
      <INVOICEEXPORTLIST.LIST>      </INVOICEEXPORTLIST.LIST>
      <ALLLEDGERENTRIES.LIST>
       <OLDAUDITENTRYIDS.LIST TYPE="Number">
        <OLDAUDITENTRYIDS>-1</OLDAUDITENTRYIDS>
       </OLDAUDITENTRYIDS.LIST>
       <ORIGPURCHINVDATE/>
       <NARRATION/>
       <ADDLALLOCTYPE/>
       <TAXCLASSIFICATIONNAME/>
       <NOTIFICATIONSLNO/>
       <SWIFTCODE/>
       <ROUNDTYPE/>
       <LEDGERNAME>D K Ltd</LEDGERNAME>
       <TAXUNITNAME/>
       <STATNATURENAME/>
       <GOODSTYPE/>
       <METHODTYPE/>
       <CLASSRATE/>
       <STATCLASSIFICATIONNAME/>
       <EXCISECLASSIFICATIONNAME/>
       <ISZRBASICSERVICE/>
       <VATCOMMODITYNAME/>
       <SCHEDULE/>
       <SCHEDULESERIALNUMBER/>
       <VATCOMMODITYCODE/>
       <VATSUBCOMMODITYCODE/>
       <VATTRADENAME/>
       <VATMAJORCOMMODITYNAME/>
       <TDSPARTYNAME/>
       <VATPARTYORGNAME/>
       <XBRLADJTYPE/>
       <VOUCHERFBTCATEGORY/>
       <TYPEOFTAXPAYMENT/>
       <VATCALCULATIONTYPE/>
       <VATWORKSCONTRACTTYPE/>
       <VATWCDESCRIPTION/>
       <GSTCLASS/>
       <SCHVIADJTYPE/>
       <GSTOVRDNCLASSIFICATION/>
       <GSTOVRDNNATURE/>
       <GSTOVRDNINELIGIBLEITC/>
       <GSTOVRDNISREVCHARGEAPPL/>
       <GSTOVRDNTAXABILITY/>
       <GSTHSNSACCODE/>
       <VATGOODSNATURE/>
       <POSPAYMENTTYPE/>
       <GSTPARTYLEDGER/>
       <ORIGPURCHPARTY/>
       <ORIGPURCHPARTYADDRESS/>
       <ORIGPURCHINVNO/>
       <ORIGPURCHNOTE/>
       <ISDEEMEDPOSITIVE>No</ISDEEMEDPOSITIVE>
       <LEDGERFROMITEM>No</LEDGERFROMITEM>
       <REMOVEZEROENTRIES>No</REMOVEZEROENTRIES>
       <ISPARTYLEDGER>Yes</ISPARTYLEDGER>
       <ISLASTDEEMEDPOSITIVE>No</ISLASTDEEMEDPOSITIVE>
       <ISCAPVATTAXALTERED>No</ISCAPVATTAXALTERED>
       <ISCAPVATNOTCLAIMED>No</ISCAPVATNOTCLAIMED>
       <STCRADJPERCENT>0</STCRADJPERCENT>
       <ROUNDLIMIT>0</ROUNDLIMIT>
       <RATEOFADDLVAT>0</RATEOFADDLVAT>
       <RATEOFCESSONVAT>0</RATEOFCESSONVAT>
       <VATTAXRATE>0</VATTAXRATE>
       <VATITEMQTY>0</VATITEMQTY>
       <PREVINVTOTALNUM>0</PREVINVTOTALNUM>
       <VATWCDEDUCTIONRATE>0</VATWCDEDUCTIONRATE>
       <GSTTAXRATE>0</GSTTAXRATE>
       <ORIGINVGOODSQTY>0</ORIGINVGOODSQTY>
       <CAPVATTAXRATE>0</CAPVATTAXRATE>
       <AMOUNT>1000.00</AMOUNT>
       <FBTEXEMPTAMOUNT/>
       <VATASSESSABLEVALUE/>
       <VATWCCOSTOFLAND/>
       <VATWCDEDLABOURCHARGES/>
       <VATWCOTHERDEDUCTIONAMT/>
       <VATWCVALUEOFTAXFREEGOODS/>
       <VATWCOTHERCHARGES/>
       <VATWCSUBCONTRACTORAMT/>
       <PREVAMOUNT/>
       <PREVINVTOTALAMT/>
       <VATWCDEDUCTIONAMOUNT/>
       <ORIGINVGOODSVALUE/>
       <CENVATCAPTINPUTAMT/>
       <GSTASSESSABLEVALUE/>
       <IGSTLIABILITY/>
       <CGSTLIABILITY/>
       <SGSTLIABILITY/>
       <GSTCESSLIABILITY/>
       <GSTOVRDNASSESSABLEVALUE/>
       <GSTASSBLVALUE/>
       <ORIGINVGOODSTAXVALUE/>
       <VATWCESTABLISHMENTCOST/>
       <VATWCCONTRACTORPROFIT/>
       <VATWCPLANNINGDESIGNFEES/>
       <VATWCMACHINERYTOOLSCHARGES/>
       <VATWCCONSUMABLESCOST/>
       <VATEXPAMOUNT/>
       <VATASSBLVALUE/>
       <VATACCEPTEDTAXAMT/>
       <VATACCEPTEDADDLTAXAMT/>
       <CASHRECEIVED/>
       <CAPVATASSEABLEVALUE/>
       <CAPVATTAXVALUE/>
       <ORIGPURCHVALUE/>
       <SUPPLYMARGVAL/>
       <DENOMINATIONCOUNT2000X>0</DENOMINATIONCOUNT2000X>
       <DENOMINATIONCOUNT1000X>0</DENOMINATIONCOUNT1000X>
       <DENOMINATIONCOUNT500X>0</DENOMINATIONCOUNT500X>
       <DENOMINATIONCOUNT200X>0</DENOMINATIONCOUNT200X>
       <DENOMINATIONCOUNT100X>0</DENOMINATIONCOUNT100X>
       <DENOMINATIONCOUNT50X>0</DENOMINATIONCOUNT50X>
       <DENOMINATIONCOUNT20X>0</DENOMINATIONCOUNT20X>
       <DENOMINATIONCOUNT10X>0</DENOMINATIONCOUNT10X>
       <DENOMINATIONCOUNT5X>0</DENOMINATIONCOUNT5X>
       <DENOMINATIONCOUNT2X>0</DENOMINATIONCOUNT2X>
       <DENOMINATIONCOUNT1X>0</DENOMINATIONCOUNT1X>
       <DENOMINATIONAMOUNTOTHERS/>
       <CURRPARTYLEDGERNAME/>
       <TEMPVATCLASSIFICATION/>
       <INVOICEROUNDINGDIFFVAL/>
       <VATGCCTAXAMOUNT/>
       <GSTCOMPDUTYAMOUNT/>
       <EXCISETEMPDUTYVAL/>
       <ISVATADJLEDGER/>
       <VATASSESMENTATE>0</VATASSESMENTATE>
       <GSTLEDGERDISCOUNT/>
       <GVATLEDGEREXCISE/>
       <GSTDUTYAMOUNT/>
       <RBVATTAXAMOUNT/>
       <SALESCESSTAXAMOUNT/>
       <SERVICETAXDETAILS.LIST>       </SERVICETAXDETAILS.LIST>
       <BANKALLOCATIONS.LIST>       </BANKALLOCATIONS.LIST>
       <BILLALLOCATIONS.LIST>       </BILLALLOCATIONS.LIST>
       <INTERESTCOLLECTION.LIST>       </INTERESTCOLLECTION.LIST>
       <OLDAUDITENTRIES.LIST>       </OLDAUDITENTRIES.LIST>
       <ACCOUNTAUDITENTRIES.LIST>       </ACCOUNTAUDITENTRIES.LIST>
       <AUDITENTRIES.LIST>       </AUDITENTRIES.LIST>
       <INPUTCRALLOCS.LIST>       </INPUTCRALLOCS.LIST>
       <DUTYHEADDETAILS.LIST>       </DUTYHEADDETAILS.LIST>
       <EXCISEDUTYHEADDETAILS.LIST>       </EXCISEDUTYHEADDETAILS.LIST>
       <RATEDETAILS.LIST>       </RATEDETAILS.LIST>
       <SUMMARYALLOCS.LIST>       </SUMMARYALLOCS.LIST>
       <STPYMTDETAILS.LIST>       </STPYMTDETAILS.LIST>
       <EXCISEPAYMENTALLOCATIONS.LIST>       </EXCISEPAYMENTALLOCATIONS.LIST>
       <TAXBILLALLOCATIONS.LIST>       </TAXBILLALLOCATIONS.LIST>
       <TAXOBJECTALLOCATIONS.LIST>       </TAXOBJECTALLOCATIONS.LIST>
       <TDSEXPENSEALLOCATIONS.LIST>       </TDSEXPENSEALLOCATIONS.LIST>
       <VATSTATUTORYDETAILS.LIST>       </VATSTATUTORYDETAILS.LIST>
       <COSTTRACKALLOCATIONS.LIST>       </COSTTRACKALLOCATIONS.LIST>
       <REFVOUCHERDETAILS.LIST>       </REFVOUCHERDETAILS.LIST>
       <INVOICEWISEDETAILS.LIST>       </INVOICEWISEDETAILS.LIST>
       <VATITCDETAILS.LIST>       </VATITCDETAILS.LIST>
       <ADVANCETAXDETAILS.LIST>       </ADVANCETAXDETAILS.LIST>
      </ALLLEDGERENTRIES.LIST>
      <ALLLEDGERENTRIES.LIST>
       <OLDAUDITENTRYIDS.LIST TYPE="Number">
        <OLDAUDITENTRYIDS>-1</OLDAUDITENTRYIDS>
       </OLDAUDITENTRYIDS.LIST>
       <ORIGPURCHINVDATE/>
       <NARRATION/>
       <ADDLALLOCTYPE/>
       <TAXCLASSIFICATIONNAME/>
       <NOTIFICATIONSLNO/>
       <SWIFTCODE/>
       <ROUNDTYPE/>
       <LEDGERNAME>SBI Bank</LEDGERNAME>
       <TAXUNITNAME/>
       <STATNATURENAME/>
       <GOODSTYPE/>
       <METHODTYPE/>
       <CLASSRATE/>
       <STATCLASSIFICATIONNAME/>
       <EXCISECLASSIFICATIONNAME/>
       <ISZRBASICSERVICE/>
       <VATCOMMODITYNAME/>
       <SCHEDULE/>
       <SCHEDULESERIALNUMBER/>
       <VATCOMMODITYCODE/>
       <VATSUBCOMMODITYCODE/>
       <VATTRADENAME/>
       <VATMAJORCOMMODITYNAME/>
       <TDSPARTYNAME/>
       <VATPARTYORGNAME/>
       <XBRLADJTYPE/>
       <VOUCHERFBTCATEGORY/>
       <TYPEOFTAXPAYMENT/>
       <VATCALCULATIONTYPE/>
       <VATWORKSCONTRACTTYPE/>
       <VATWCDESCRIPTION/>
       <GSTCLASS/>
       <SCHVIADJTYPE/>
       <GSTOVRDNCLASSIFICATION/>
       <GSTOVRDNNATURE/>
       <GSTOVRDNINELIGIBLEITC/>
       <GSTOVRDNISREVCHARGEAPPL/>
       <GSTOVRDNTAXABILITY/>
       <GSTHSNSACCODE/>
       <VATGOODSNATURE/>
       <POSPAYMENTTYPE/>
       <GSTPARTYLEDGER/>
       <ORIGPURCHPARTY/>
       <ORIGPURCHPARTYADDRESS/>
       <ORIGPURCHINVNO/>
       <ORIGPURCHNOTE/>
       <ISDEEMEDPOSITIVE>Yes</ISDEEMEDPOSITIVE>
       <LEDGERFROMITEM>No</LEDGERFROMITEM>
       <REMOVEZEROENTRIES>No</REMOVEZEROENTRIES>
       <ISPARTYLEDGER>Yes</ISPARTYLEDGER>
       <ISLASTDEEMEDPOSITIVE>Yes</ISLASTDEEMEDPOSITIVE>
       <ISCAPVATTAXALTERED>No</ISCAPVATTAXALTERED>
       <ISCAPVATNOTCLAIMED>No</ISCAPVATNOTCLAIMED>
       <STCRADJPERCENT>0</STCRADJPERCENT>
       <ROUNDLIMIT>0</ROUNDLIMIT>
       <RATEOFADDLVAT>0</RATEOFADDLVAT>
       <RATEOFCESSONVAT>0</RATEOFCESSONVAT>
       <VATTAXRATE>0</VATTAXRATE>
       <VATITEMQTY>0</VATITEMQTY>
       <PREVINVTOTALNUM>0</PREVINVTOTALNUM>
       <VATWCDEDUCTIONRATE>0</VATWCDEDUCTIONRATE>
       <GSTTAXRATE>0</GSTTAXRATE>
       <ORIGINVGOODSQTY>0</ORIGINVGOODSQTY>
       <CAPVATTAXRATE>0</CAPVATTAXRATE>
       <AMOUNT>-1000.00</AMOUNT>
       <FBTEXEMPTAMOUNT/>
       <VATASSESSABLEVALUE/>
       <VATWCCOSTOFLAND/>
       <VATWCDEDLABOURCHARGES/>
       <VATWCOTHERDEDUCTIONAMT/>
       <VATWCVALUEOFTAXFREEGOODS/>
       <VATWCOTHERCHARGES/>
       <VATWCSUBCONTRACTORAMT/>
       <PREVAMOUNT/>
       <PREVINVTOTALAMT/>
       <VATWCDEDUCTIONAMOUNT/>
       <ORIGINVGOODSVALUE/>
       <CENVATCAPTINPUTAMT/>
       <GSTASSESSABLEVALUE/>
       <IGSTLIABILITY/>
       <CGSTLIABILITY/>
       <SGSTLIABILITY/>
       <GSTCESSLIABILITY/>
       <GSTOVRDNASSESSABLEVALUE/>
       <GSTASSBLVALUE/>
       <ORIGINVGOODSTAXVALUE/>
       <VATWCESTABLISHMENTCOST/>
       <VATWCCONTRACTORPROFIT/>
       <VATWCPLANNINGDESIGNFEES/>
       <VATWCMACHINERYTOOLSCHARGES/>
       <VATWCCONSUMABLESCOST/>
       <VATEXPAMOUNT/>
       <VATASSBLVALUE/>
       <VATACCEPTEDTAXAMT/>
       <VATACCEPTEDADDLTAXAMT/>
       <CASHRECEIVED/>
       <CAPVATASSEABLEVALUE/>
       <CAPVATTAXVALUE/>
       <ORIGPURCHVALUE/>
       <SUPPLYMARGVAL/>
       <DENOMINATIONCOUNT2000X>0</DENOMINATIONCOUNT2000X>
       <DENOMINATIONCOUNT1000X>0</DENOMINATIONCOUNT1000X>
       <DENOMINATIONCOUNT500X>0</DENOMINATIONCOUNT500X>
       <DENOMINATIONCOUNT200X>0</DENOMINATIONCOUNT200X>
       <DENOMINATIONCOUNT100X>0</DENOMINATIONCOUNT100X>
       <DENOMINATIONCOUNT50X>0</DENOMINATIONCOUNT50X>
       <DENOMINATIONCOUNT20X>0</DENOMINATIONCOUNT20X>
       <DENOMINATIONCOUNT10X>0</DENOMINATIONCOUNT10X>
       <DENOMINATIONCOUNT5X>0</DENOMINATIONCOUNT5X>
       <DENOMINATIONCOUNT2X>0</DENOMINATIONCOUNT2X>
       <DENOMINATIONCOUNT1X>0</DENOMINATIONCOUNT1X>
       <DENOMINATIONAMOUNTOTHERS/>
       <CURRPARTYLEDGERNAME/>
       <TEMPVATCLASSIFICATION/>
       <INVOICEROUNDINGDIFFVAL/>
       <VATGCCTAXAMOUNT/>
       <GSTCOMPDUTYAMOUNT/>
       <EXCISETEMPDUTYVAL/>
       <ISVATADJLEDGER/>
       <VATASSESMENTATE>0</VATASSESMENTATE>
       <GSTLEDGERDISCOUNT/>
       <GVATLEDGEREXCISE/>
       <GSTDUTYAMOUNT/>
       <RBVATTAXAMOUNT/>
       <SALESCESSTAXAMOUNT/>
       <SERVICETAXDETAILS.LIST>       </SERVICETAXDETAILS.LIST>
       <BANKALLOCATIONS.LIST>       </BANKALLOCATIONS.LIST>
       <BILLALLOCATIONS.LIST>       </BILLALLOCATIONS.LIST>
       <INTERESTCOLLECTION.LIST>       </INTERESTCOLLECTION.LIST>
       <OLDAUDITENTRIES.LIST>       </OLDAUDITENTRIES.LIST>
       <ACCOUNTAUDITENTRIES.LIST>       </ACCOUNTAUDITENTRIES.LIST>
       <AUDITENTRIES.LIST>       </AUDITENTRIES.LIST>
       <INPUTCRALLOCS.LIST>       </INPUTCRALLOCS.LIST>
       <DUTYHEADDETAILS.LIST>       </DUTYHEADDETAILS.LIST>
       <EXCISEDUTYHEADDETAILS.LIST>       </EXCISEDUTYHEADDETAILS.LIST>
       <RATEDETAILS.LIST>       </RATEDETAILS.LIST>
       <SUMMARYALLOCS.LIST>       </SUMMARYALLOCS.LIST>
       <STPYMTDETAILS.LIST>       </STPYMTDETAILS.LIST>
       <EXCISEPAYMENTALLOCATIONS.LIST>       </EXCISEPAYMENTALLOCATIONS.LIST>
       <TAXBILLALLOCATIONS.LIST>       </TAXBILLALLOCATIONS.LIST>
       <TAXOBJECTALLOCATIONS.LIST>       </TAXOBJECTALLOCATIONS.LIST>
       <TDSEXPENSEALLOCATIONS.LIST>       </TDSEXPENSEALLOCATIONS.LIST>
       <VATSTATUTORYDETAILS.LIST>       </VATSTATUTORYDETAILS.LIST>
       <COSTTRACKALLOCATIONS.LIST>       </COSTTRACKALLOCATIONS.LIST>
       <REFVOUCHERDETAILS.LIST>       </REFVOUCHERDETAILS.LIST>
       <INVOICEWISEDETAILS.LIST>       </INVOICEWISEDETAILS.LIST>
       <VATITCDETAILS.LIST>       </VATITCDETAILS.LIST>
       <ADVANCETAXDETAILS.LIST>       </ADVANCETAXDETAILS.LIST>
      </ALLLEDGERENTRIES.LIST>
      <PAYROLLMODEOFPAYMENT.LIST>      </PAYROLLMODEOFPAYMENT.LIST>
      <ATTDRECORDS.LIST>      </ATTDRECORDS.LIST>
      <GSTEWAYCONSIGNORADDRESS.LIST>      </GSTEWAYCONSIGNORADDRESS.LIST>
      <GSTEWAYCONSIGNEEADDRESS.LIST>      </GSTEWAYCONSIGNEEADDRESS.LIST>
      <TEMPGSTRATEDETAILS.LIST>      </TEMPGSTRATEDETAILS.LIST>
     </VOUCHER>
    </TALLYMESSAGE>
    <TALLYMESSAGE xmlns:UDF="TallyUDF">
     <VOUCHER REMOTEID="0104ec5d-3a78-4045-b472-e46e6308b8a0-00000194" VCHKEY="0104ec5d-3a78-4045-b472-e46e6308b8a0-0000adb6:00000048" VCHTYPE="Receipt" ACTION="Create" OBJVIEW="Accounting Voucher View">
      <OLDAUDITENTRYIDS.LIST TYPE="Number">
       <OLDAUDITENTRYIDS>-1</OLDAUDITENTRYIDS>
      </OLDAUDITENTRYIDS.LIST>
      <ACTIVETO/>
      <ALTEREDON/>
      <DATE>20211002</DATE>
      <LUTDATEOFISSUE/>
      <LUTEXPIRYDATE/>
      <BONDDATEOFISSUE/>
      <BONDEXPIRYDATE/>
      <TAXCHEQUEDATE/>
      <TAXCHALLANDATE/>
      <REFERENCEDATE/>
      <SHIPPINGBILLDATE/>
      <BILLOFENTRYDATE/>
      <VATPARTYTRANSRETURNDATE/>
      <RECONCILATIONDATE/>
      <FORM16ISSUEDATE/>
      <CSTFORMISSUEDATE/>
      <CSTFORMRECVDATE/>
      <CERTIFICATEDATE/>
      <FBTFROMDATE/>
      <FBTTODATE/>
      <RETURNINVOICEDATE/>
      <AGGREMENTORDERDATE/>
      <GOODSRCPTDATE/>
      <LORRYRECPTDATE/>
      <TRANSSALELANDINGDATE/>
      <TRANSBUYERLANDINGDATE/>
      <CREDITLETTERDATE/>
      <AIRWAYBILLDATE/>
      <VATORDERDATE/>
      <INVDELIVERYDATE/>
      <BILLOFLADINGDATE/>
      <VATDEPOSITDATE/>
      <VATDOCUMENTDATE/>
      <VATCHALLANDATE/>
      <ECDATE/>
      <VATTDSDATE/>
      <ADJFROMDATE/>
      <ADJTODATE/>
      <VATDDCHEQUEDATE/>
      <TAXPAYPERIODFROMDATE/>
      <TAXPAYPERIODTODATE/>
      <STTAXCHALLANDATE/>
      <GSTCHALLANDATE/>
      <GSTCHALLANEXPIRYDATE/>
      <ADJPARTYINVOICEDATE/>
      <ADJPARTYPAYMENTDATE/>
      <PARTYORDERDATE/>
      <ADVANCERECEIPTDATE/>
      <REFUNDVOUCHERDATE/>
      <IRNACKDATE/>
      <IRNCANCELDATE/>
      <VATSUBMISSIONDATE/>
      <PARTYINVDATE/>
      <INSPDOCDATE/>
      <VATCANCINVDATE/>
      <VATGOODSRECEIPTDATE/>
      <VATCSTE1DATE/>
      <DISPATCHDATE/>
      <AUDITEDON/>
      <GUID>0104ec5d-3a78-4045-b472-e46e6308b8a0-00000194</GUID>
      <GSTREGISTRATIONTYPE/>
      <VATDEALERTYPE/>
      <STATENAME/>
      <PRICELEVEL/>
      <TDSNATUREOFPAYMENT/>
      <AUTOCOSTLEVEL/>
      <NARRATION/>
      <REQUESTORRULE/>
      <ALTEREDBY/>
      <COUNTRYOFRESIDENCE/>
      <IMPORTEREXPORTERCODE/>
      <PARTYGSTIN/>
      <NATUREOFSALES/>
      <EXCISENOTIFICATIONNO/>
      <PLACEOFSUPPLY/>
      <LUTNUMBER/>
      <BONDNUMBER/>
      <AUTHORITYNAME/>
      <AUTHORITYADDRESS/>
      <TAXUNITNAME/>
      <EXCISEUNITNAME/>
      <CLASSNAME/>
      <POSCARDLEDGER/>
      <POSCASHLEDGER/>
      <POSGIFTLEDGER/>
      <POSCHEQUELEDGER/>
      <EXCISECLASSIFICATIONNAME/>
      <TDSSECTIONNO/>
      <TDSDEDNSTATUS/>
      <TAXBANKCHALLANNUMBER/>
      <TAXCHALLANBSRCODE/>
      <TAXCHEQUENUMBER/>
      <TAXBANKNAME/>
      <TAXBANKBRANCHNAME/>
      <PARTYNAME/>
      <PARTYLEDGERNAME>Dinesh &amp; Sons</PARTYLEDGERNAME>
      <GSTACTIVITYSTATUS/>
      <TAXADJUSTMENT/>
      <BUYERADDRESSTYPE/>
      <PORTCODE/>
      <SHIPPINGBILLNO/>
      <BILLOFENTRYNO/>
      <VATPARTYTRANSRETURNNUMBER/>
      <URDORIGINALSALEVALUE/>
      <GSTNATUREOFRETURN/>
      <VOUCHERTYPENAME>Receipt</VOUCHERTYPENAME>
      <REFERENCE/>
      <VOUCHERNUMBER>13</VOUCHERNUMBER>
      <BASICBASEPARTYNAME/>
      <BASICVOUCHERCHEQUENAME/>
      <BASICVOUCHERCROSSCOMMENT/>
      <EXCHGCURRENCYNAME/>
      <SERIALMASTER/>
      <SERIALNUMBER/>
      <STATADJUSTMENTTYPE/>
      <STATPAYMENTTYPE/>
      <CONSIGNEEIECODE/>
      <SUPPLIERIECODE/>
      <ARESERIALMASTER/>
      <ARESERIALNUMBER/>
      <SUMAUTOVCHNUM/>
      <TAXBANKACCOUNTNUMBER/>
      <CSTFORMISSUETYPE/>
      <CSTFORMISSUENUMBER/>
      <CSTFORMRECVTYPE/>
      <CSTFORMRECVNUMBER/>
      <CONSIGNEECSTNUMBER/>
      <BUYERSCSTNUMBER/>
      <CSTFORMISSUESERIESNUM/>
      <CSTFORMRECVSERIESNUM/>
      <EXCISETREASURYNUMBER/>
      <EXCISETREASURYNAME/>
      <CERTIFICATETYPE/>
      <CERTIFICATENUMBER/>
      <AREFORMTYPE/>
      <DESTINATIONTAXUNIT/>
      <FBTPAYMENTTYPE>Default</FBTPAYMENTTYPE>
      <POSCARDNUMBER/>
      <POSCHEQUENUMBER/>
      <POSCHEQUEBANKNAME/>
      <CHALLANTYPE/>
      <CHEQUEDEPOSITORNAME/>
      <EXCISENOTIFICATIONSERIALNO/>
      <PERSISTEDVIEW>Accounting Voucher View</PERSISTEDVIEW>
      <EXCISETARIFFTYPE/>
      <CONSIGNEELBTREGNNO/>
      <CONSIGNEELBTZONE/>
      <SUPPLIERLBTREGNNO/>
      <SUPPLIERLBTZONE/>
      <LBTMAPPEDCATEGORY/>
      <LBTMAPPEDZONE/>
      <LBTNATUREOFLIABILITY/>
      <CASHPARTYPAN/>
      <CASHPARTYDEDTYPE/>
      <VCHTAXTYPE/>
      <PURPOSEOFPURCHASE/>
      <POINTOFTRANSACTION/>
      <TRANSPORTERNAME/>
      <TRANSPORTMODE/>
      <AGGREMENTORDERNO/>
      <FOREIGNSELLERNAME/>
      <EXPORTERCOUNTRY/>
      <GOODSVEHICLENUMBER/>
      <SHIPNAME/>
      <SHIPAGENTNAME/>
      <CLEARINGAGENTNAME/>
      <LORRYRECPTNO/>
      <CARRIERNAME/>
      <CREDITLETTERREF/>
      <AIRWAYBILLNO/>
      <FWDAGENTNAME/>
      <VATORDERNO/>
      <VATSELLERTIN/>
      <TRANSSOURCEPLACE/>
      <TRANSCATEGORY/>
      <VATDOCUMENTTYPE/>
      <VATTRANSBILLQTY/>
      <VATTRANSBILLNO/>
      <BILLOFLADINGNO/>
      <VATPAIDAGAINST/>
      <VATBANKNAME/>
      <VATBANKBRANCH/>
      <VATDDCHEQUENO/>
      <VATADJUSTMENTTYPE/>
      <VATFORMSTATUS/>
      <VATDOCUMENTNUMBER/>
      <VATSOURCESTATE/>
      <VATDESTINATIONSTATE/>
      <VATDESTINATIONPLACE/>
      <VATPARTYORGTYPE/>
      <VATPARTYTYPE/>
      <VATCHALLANNUMBER/>
      <VATDESIGOFPURCHASER/>
      <VATPURCHASERCPTTYPE/>
      <VATGOODSRCPTNO/>
      <VATPARTYORGNAME/>
      <AIRPORTNAME/>
      <TDNOFAWARDER/>
      <ECNUMBER/>
      <ECISSUINGAUTHORITY/>
      <CONTRACTORTIN/>
      <VATTDSBARCODE/>
      <VATPYMTMODEOFDEPOSIT/>
      <VATPYMTTAXDESC/>
      <VATBANKACCNUMBER/>
      <VATBRANCHCODE/>
      <VATTRANSSOURCE/>
      <VATADJADDLDETAILS/>
      <VATBRANCHNAME/>
      <PRIORITYSTATECONFLICT/>
      <EICHECKPOST/>
      <PORTNAME/>
      <VATEFORMAPPLICABLE/>
      <VATEFORMAPPLICABLENO/>
      <VATINCOURSEOF/>
      <VATDISPATCHTIME/>
      <VATTRANSPORTERADDRESS/>
      <VATCONTRACTEETDN/>
      <VATCONTRACTEEDISTRICT/>
      <VATCONTRACTEENAME/>
      <CONSUMERIDENTIFICATIONNUMBER/>
      <STTVCHRHANDLE/>
      <SRVTREGNUMBER/>
      <TAXPAYMENTTYPE/>
      <STTAXBANKCHALLANNUMBER/>
      <TYPEOFEXCISEVOUCHER/>
      <GSTBANKNAME/>
      <GSTBANKACCOUNTNUMBER/>
      <GSTBANKACCOUNTTYPE/>
      <GSTBANKACCOUNTHOLDER/>
      <GSTBANKBRANCHADDRESS/>
      <GSTBANKIFSCCODE/>
      <GSTBANKMICRCODE/>
      <GSTDEBITDOCNUMBER/>
      <GSTPYMTMODEOFDEPOSIT/>
      <GSTBANKBRANCHNAME/>
      <GSTINSTRUMENTNUMBER/>
      <GSTCHALLANNUMBER/>
      <GSTCPINNUMBER/>
      <GSTCINNUMBER/>
      <ADJPARTYGSTIN/>
      <ADJPARTYINVOICENO/>
      <GSTMERCHANTID/>
      <PARTYORDERNO/>
      <GSTITCREVERSALDETAILS/>
      <GSTITCDOCUMENTTYPE/>
      <GSTADDITIONALDETAILS/>
      <GSTRECONSTATUS/>
      <GSTREASONFORREJECTION/>
      <ADVANCERECEIPTNUMBER/>
      <REFUNDVOUCHERNUMBER/>
      <VCHTAXUNIT/>
      <CONSIGNEEGSTIN/>
      <IRNACKNO/>
      <IRN/>
      <IRNQRCODE/>
      <BILLTOPLACE/>
      <SHIPTOPLACE/>
      <DISPATCHFROMNAME/>
      <DISPATCHFROMADDRESSTYPE/>
      <DISPATCHFROMSTATENAME/>
      <DISPATCHFROMPINCODE/>
      <DISPATCHFROMPLACE/>
      <IRNCANCELREASON/>
      <IRNCANCELCODE/>
      <BASICSHIPPEDBY/>
      <BASICDESTINATIONCOUNTRY/>
      <BASICBUYERNAME/>
      <BASICPLACEOFRECEIPT/>
      <BASICSHIPDOCUMENTNO/>
      <BASICPORTOFLOADING/>
      <BASICPORTOFDISCHARGE/>
      <BASICFINALDESTINATION/>
      <BASICORDERREF/>
      <BASICSHIPVESSELNO/>
      <BASICBUYERSSALESTAXNO/>
      <BASICDUEDATEOFPYMT/>
      <BASICSERIALNUMINPLA/>
      <BASICDATETIMEOFINVOICE/>
      <BASICDATETIMEOFREMOVAL/>
      <PARTYADDRESSTYPE/>
      <MFGRADDRESSTYPE/>
      <TRANSPORTERADDRROOM/>
      <TRANSPORTERADDRBLDG/>
      <TRANSPORTERADDRROAD/>
      <TRANSPORTERADDRAREA/>
      <TRANSPORTERADDRTOWN/>
      <TRANSPORTERADDRDIST/>
      <TRANSPORTERADDRSTATE/>
      <TRANSPORTERADDRPINCODE/>
      <TRANSPORTERADDRPHONE/>
      <TRANSPORTERADDRFAX/>
      <TRANSPORTERVEHICLE2/>
      <TRANSPORTLOCALTIN/>
      <VATCFORMISSUESTATE/>
      <PLACEOFSUPPLYSTATE/>
      <PLACEOFSUPPLYCOUNTRY/>
      <EMIRATEPOS/>
      <PARTYMAILINGNAME/>
      <PARTYPINCODE/>
      <CONSIGNEEMAILINGNAME/>
      <CONSIGNEECOUNTRYNAME/>
      <VCHGSTCLASS/>
      <COSTCENTRENAME/>
      <ADDITIONALNARRATION/>
      <PARTYINVNO/>
      <INSPDOCNO/>
      <SETTLEMENTTYPE/>
      <VOUCHERTIME/>
      <HOLDREFERENCE/>
      <VATCANCINVNO/>
      <VATCANCPURCTIN/>
      <VATCANCPURCNAME/>
      <VATTYPEOFDEVICE/>
      <VATBRIEFDESCRIPTION/>
      <VATDEVICENO/>
      <BUYERPINNUMBER/>
      <VATEXPORTENTRYNO/>
      <CONSIGNEEPINNUMBER/>
      <VATEXEMPTCERTIFICATENO/>
      <VATVEHICLENUMBER/>
      <VATGOODSRECEIPTNUMBER/>
      <VATMOBILENUMBER/>
      <VATCSTE1SERIESNO/>
      <VATCSTE1SERIALNO/>
      <VATPERMITFORM/>
      <VATCERTIFICATENO/>
      <CONSIGNEECIRCLE/>
      <CONSIGNEECITY/>
      <CONSIGNEESTATENAME/>
      <CONSIGNEEPINCODE/>
      <CONSIGNEEMOBILENUMBER/>
      <CONSIGNEEOTHERS/>
      <CONSIGNEEMAIL/>
      <DELIVERYCITY/>
      <DELIVERYPINCODE/>
      <DELIVERYOTHERS/>
      <DELIVERYSTATE/>
      <DISPATCHCITY/>
      <DISPATCHPINCODE/>
      <DESTINATIONPERMITNUMBER/>
      <ENTRYCHECKPOSTLOCATION/>
      <EXITCHECKPOSTLOCATION/>
      <VATTDSDEDUCTORNAME/>
      <VCHENTRYMODE/>
      <ENTEREDBY/>
      <VOUCHERTYPEORIGNAME/>
      <DIFFACTUALQTY>No</DIFFACTUALQTY>
      <ISMSTFROMSYNC>No</ISMSTFROMSYNC>
      <ASORIGINAL>No</ASORIGINAL>
      <AUDITED>No</AUDITED>
      <FORJOBCOSTING>No</FORJOBCOSTING>
      <ISOPTIONAL>No</ISOPTIONAL>
      <EFFECTIVEDATE>20211002</EFFECTIVEDATE>
      <USEFOREXCISE>No</USEFOREXCISE>
      <ISFORJOBWORKIN>No</ISFORJOBWORKIN>
      <ALLOWCONSUMPTION>No</ALLOWCONSUMPTION>
      <USEFORINTEREST>No</USEFORINTEREST>
      <USEFORGAINLOSS>No</USEFORGAINLOSS>
      <USEFORGODOWNTRANSFER>No</USEFORGODOWNTRANSFER>
      <USEFORCOMPOUND>No</USEFORCOMPOUND>
      <USEFORSERVICETAX>No</USEFORSERVICETAX>
      <ISDELETED>No</ISDELETED>
      <ISONHOLD>No</ISONHOLD>
      <ISBOENOTAPPLICABLE>No</ISBOENOTAPPLICABLE>
      <ISEXCISEVOUCHER>No</ISEXCISEVOUCHER>
      <EXCISETAXOVERRIDE>No</EXCISETAXOVERRIDE>
      <USEFORTAXUNITTRANSFER>No</USEFORTAXUNITTRANSFER>
      <IGNOREPOSVALIDATION>No</IGNOREPOSVALIDATION>
      <EXCISEOPENING>No</EXCISEOPENING>
      <USEFORFINALPRODUCTION>No</USEFORFINALPRODUCTION>
      <ISTDSOVERRIDDEN>No</ISTDSOVERRIDDEN>
      <ISTCSOVERRIDDEN>No</ISTCSOVERRIDDEN>
      <ISTDSTCSCASHVCH>No</ISTDSTCSCASHVCH>
      <INCLUDEADVPYMTVCH>No</INCLUDEADVPYMTVCH>
      <ISSUBWORKSCONTRACT>No</ISSUBWORKSCONTRACT>
      <ISVATOVERRIDDEN>No</ISVATOVERRIDDEN>
      <IGNOREORIGVCHDATE>No</IGNOREORIGVCHDATE>
      <ISVATPAIDATCUSTOMS>No</ISVATPAIDATCUSTOMS>
      <ISDECLAREDTOCUSTOMS>No</ISDECLAREDTOCUSTOMS>
      <ISSERVICETAXOVERRIDDEN>No</ISSERVICETAXOVERRIDDEN>
      <ISISDVOUCHER>No</ISISDVOUCHER>
      <ISEXCISEOVERRIDDEN>No</ISEXCISEOVERRIDDEN>
      <ISEXCISESUPPLYVCH>No</ISEXCISESUPPLYVCH>
      <ISGSTOVERRIDDEN>No</ISGSTOVERRIDDEN>
      <GSTNOTEXPORTED>No</GSTNOTEXPORTED>
      <IGNOREGSTINVALIDATION>No</IGNOREGSTINVALIDATION>
      <ISGSTREFUND>No</ISGSTREFUND>
      <ISGSTSECSEVENAPPLICABLE>No</ISGSTSECSEVENAPPLICABLE>
      <ISVATPRINCIPALACCOUNT>No</ISVATPRINCIPALACCOUNT>
      <IGNOREEINVVALIDATION>No</IGNOREEINVVALIDATION>
      <IRNJSONEXPORTED>No</IRNJSONEXPORTED>
      <IRNCANCELLED>No</IRNCANCELLED>
      <ISSHIPPINGWITHINSTATE>No</ISSHIPPINGWITHINSTATE>
      <ISOVERSEASTOURISTTRANS>No</ISOVERSEASTOURISTTRANS>
      <ISDESIGNATEDZONEPARTY>No</ISDESIGNATEDZONEPARTY>
      <ISCANCELLED>No</ISCANCELLED>
      <HASCASHFLOW>Yes</HASCASHFLOW>
      <ISPOSTDATED>No</ISPOSTDATED>
      <USETRACKINGNUMBER>No</USETRACKINGNUMBER>
      <ISINVOICE>No</ISINVOICE>
      <MFGJOURNAL>No</MFGJOURNAL>
      <HASDISCOUNTS>No</HASDISCOUNTS>
      <ASPAYSLIP>No</ASPAYSLIP>
      <ISCOSTCENTRE>No</ISCOSTCENTRE>
      <ISSTXNONREALIZEDVCH>No</ISSTXNONREALIZEDVCH>
      <ISEXCISEMANUFACTURERON>No</ISEXCISEMANUFACTURERON>
      <ISBLANKCHEQUE>No</ISBLANKCHEQUE>
      <ISVOID>No</ISVOID>
      <ORDERLINESTATUS>No</ORDERLINESTATUS>
      <VATISAGNSTCANCSALES>No</VATISAGNSTCANCSALES>
      <VATISPURCEXEMPTED>No</VATISPURCEXEMPTED>
      <ISVATRESTAXINVOICE>No</ISVATRESTAXINVOICE>
      <VATISASSESABLECALCVCH>No</VATISASSESABLECALCVCH>
      <ISVATDUTYPAID>Yes</ISVATDUTYPAID>
      <ISDELIVERYSAMEASCONSIGNEE>No</ISDELIVERYSAMEASCONSIGNEE>
      <ISDISPATCHSAMEASCONSIGNOR>No</ISDISPATCHSAMEASCONSIGNOR>
      <ISDELETEDVCHRETAINED>No</ISDELETEDVCHRETAINED>
      <CHANGEVCHMODE>No</CHANGEVCHMODE>
      <RESETIRNQRCODE>No</RESETIRNQRCODE>
      <ALTERID> 638</ALTERID>
      <MASTERID> 404</MASTERID>
      <VOUCHERKEY>190997195653192</VOUCHERKEY>
      <ECFEERATE>0</ECFEERATE>
      <VATCONSIGNMENTNO>0</VATCONSIGNMENTNO>
      <QRCODECRC>0</QRCODECRC>
      <VATTDSRATE>0</VATTDSRATE>
      <BONDAMOUNT/>
      <POSCASHRECEIVED/>
      <CUSTOMDUTYPAID/>
      <VATPARTYITCCLAIMED/>
      <VATPARTYTAXLIABILITY/>
      <VALUEOFWORKSCONTRACT/>
      <ECFEEAMOUNT/>
      <ECFEEDEPOSITBYAWARDER/>
      <ECFEEDEPOSITBYCONTRACTOR/>
      <TDSDEDUCTED/>
      <VALUEOFSUBWORKSCONT/>
      <VATTDSAMT/>
      <ADJPARTYINVOICEVALUE/>
      <GSTINVASSESSABLEVALUE/>
      <VATGOODSVALUE/>
      <EXCHGRATE/>
      <PROCESSINGDURATION/>
      <TEMPGSTEWAYCONSIGNORADDRESSTYPE/>
      <TEMPGSTEWAYCONSIGNEEADDRESSTYPE/>
      <EIDEFAULTLED_ISZRBASICSERVICE/>
      <PREVBOMNAME/>
      <CURBOMNAME/>
      <COMMONNATUREOFPAYMENT/>
      <TEMPISVCHSUPPLFILLED/>
      <CURRPARTYLEDGERNAME/>
      <CURRBASICBUYERNAME/>
      <CURRPARTYNAME/>
      <CURRBUYERADDRESSTYPE/>
      <CURRPARTYADDRESSTYPE/>
      <CURRSTATENAME/>
      <CURRBASICPURCHASEORDERNO/>
      <CURRBASICSHIPDELIVERYNOTE/>
      <POSSTAXPARTYLEDGERNAME/>
      <ISCSTAGTFORMC/>
      <EIDEFAULTLED_ISUSERDEFINED/>
      <EIDEFAULTLED_CLASSNAME/>
      <EIDEFAULTLED_CLASSRATE>0</EIDEFAULTLED_CLASSRATE>
      <EIDEFAULTLED_CLASSADDLRATE>0</EIDEFAULTLED_CLASSADDLRATE>
      <TEMPVATCLASSIFICATION/>
      <ISATTDDATAPRESERVED/>
      <TEMPGSTEWAYBILLNUMBER/>
      <TEMPGSTEWAYBILLDATE/>
      <TEMPGSTEWAYSUBTYPE/>
      <TEMPGSTEWAYDOCUMENTTYPE/>
      <TEMPGSTEWAYSTATUS/>
      <TEMPGSTEWAYCONSIGNOR/>
      <TEMPGSTEWAYCONSIGNORADDRESS/>
      <TEMPGSTEWAYFROMPLACE/>
      <TEMPCONSIGNORPINCODENUMBER>0</TEMPCONSIGNORPINCODENUMBER>
      <TEMPGSTEWAYPINCODENUMBER>0</TEMPGSTEWAYPINCODENUMBER>
      <TEMPGSTEWAYPINCODE/>
      <TEMPGSTEWAYCONSIGNORTIN/>
      <TEMPGSTEWAYCONSIGNORSTATE/>
      <TEMPGSTEWAYCONSSHIPFROMSTATE/>
      <TEMPGSTEWAYCONSIGNEE/>
      <TEMPGSTEWAYCONSADDRESS/>
      <TEMPGSTEWAYCONSFROMPLACE/>
      <TEMPGSTEWAYCONSPINCODENUMBER>0</TEMPGSTEWAYCONSPINCODENUMBER>
      <TEMPCONSIGNEEPINCODENUMBER>0</TEMPCONSIGNEEPINCODENUMBER>
      <TEMPGSTEWAYCONSPINCODE/>
      <TEMPGSTEWAYCONSTIN/>
      <TEMPGSTEWAYCONSSTATE/>
      <TEMPGSTEWAYCONSSHIPTOSTATE/>
      <TEMPGSTEWAYTRANSPORTMODE/>
      <TEMPGSTEWAYDISTANCE>0</TEMPGSTEWAYDISTANCE>
      <TEMPGSTEWAYTRANSPORTERNAME/>
      <TEMPGSTEWAYVEHICLENUMBER/>
      <TEMPGSTEWAYTRANSPORTERID/>
      <TEMPGSTEWAYTRANSPORTERDOCNO/>
      <TEMPGSTEWAYTRANSPORTERDOCDATE/>
      <TEMPGSTEWAYVEHICLETYPE/>
      <TEMPGSTEWAYCONSBILLNUMBER/>
      <TEMPGSTEWAYCONSBILLDATE/>
      <TEMPISUSERDEFINEDCLASS/>
      <TEMPCLASSNATURE/>
      <TEMPGSTOVRDNINELIGIBLEITC/>
      <TEMPGSTOVRDNISREVCHARGEAPPL/>
      <TEMPGSTOVRDNTAXABILITY/>
      <TEMPGSTOVRDNISREVCHARGEAPPLSTR/>
      <TEMPGSTOVRDNINELIGIBLEITCSTR/>
      <TEMPGSTVCHDESTINATIONSTATE/>
      <TEMPGSTPARTYLEDLOCTYPE/>
      <TEMPGSTPARTYDEALERTYPE/>
      <TEMPGSTRISCOMMONPARTY/>
      <TEMPGSTRCOUNTRY/>
      <TEMPGSTRSTATE/>
      <TEMPGSTRTIN/>
      <TEMPGSTRDEALERTYPE/>
      <CURRGSTCOUNTRY/>
      <EWAYBILLDETAILS.LIST>      </EWAYBILLDETAILS.LIST>
      <EXCLUDEDTAXATIONS.LIST>      </EXCLUDEDTAXATIONS.LIST>
      <OLDAUDITENTRIES.LIST>      </OLDAUDITENTRIES.LIST>
      <ACCOUNTAUDITENTRIES.LIST>      </ACCOUNTAUDITENTRIES.LIST>
      <AUDITENTRIES.LIST>      </AUDITENTRIES.LIST>
      <DUTYHEADDETAILS.LIST>      </DUTYHEADDETAILS.LIST>
      <SUPPLEMENTARYDUTYHEADDETAILS.LIST>      </SUPPLEMENTARYDUTYHEADDETAILS.LIST>
      <IRNERRORLIST.LIST>      </IRNERRORLIST.LIST>
      <INVOICEDELNOTES.LIST>      </INVOICEDELNOTES.LIST>
      <INVOICEORDERLIST.LIST>      </INVOICEORDERLIST.LIST>
      <INVOICEINDENTLIST.LIST>      </INVOICEINDENTLIST.LIST>
      <ATTENDANCEENTRIES.LIST>      </ATTENDANCEENTRIES.LIST>
      <ORIGINVOICEDETAILS.LIST>      </ORIGINVOICEDETAILS.LIST>
      <INVOICEEXPORTLIST.LIST>      </INVOICEEXPORTLIST.LIST>
      <ALLLEDGERENTRIES.LIST>
       <OLDAUDITENTRYIDS.LIST TYPE="Number">
        <OLDAUDITENTRYIDS>-1</OLDAUDITENTRYIDS>
       </OLDAUDITENTRYIDS.LIST>
       <ORIGPURCHINVDATE/>
       <NARRATION/>
       <ADDLALLOCTYPE/>
       <TAXCLASSIFICATIONNAME/>
       <NOTIFICATIONSLNO/>
       <SWIFTCODE/>
       <ROUNDTYPE/>
       <LEDGERNAME>Dinesh &amp; Sons</LEDGERNAME>
       <TAXUNITNAME/>
       <STATNATURENAME/>
       <GOODSTYPE/>
       <METHODTYPE/>
       <CLASSRATE/>
       <STATCLASSIFICATIONNAME/>
       <EXCISECLASSIFICATIONNAME/>
       <ISZRBASICSERVICE/>
       <VATCOMMODITYNAME/>
       <SCHEDULE/>
       <SCHEDULESERIALNUMBER/>
       <VATCOMMODITYCODE/>
       <VATSUBCOMMODITYCODE/>
       <VATTRADENAME/>
       <VATMAJORCOMMODITYNAME/>
       <TDSPARTYNAME/>
       <VATPARTYORGNAME/>
       <XBRLADJTYPE/>
       <VOUCHERFBTCATEGORY/>
       <TYPEOFTAXPAYMENT/>
       <VATCALCULATIONTYPE/>
       <VATWORKSCONTRACTTYPE/>
       <VATWCDESCRIPTION/>
       <GSTCLASS/>
       <SCHVIADJTYPE/>
       <GSTOVRDNCLASSIFICATION/>
       <GSTOVRDNNATURE/>
       <GSTOVRDNINELIGIBLEITC/>
       <GSTOVRDNISREVCHARGEAPPL/>
       <GSTOVRDNTAXABILITY/>
       <GSTHSNSACCODE/>
       <VATGOODSNATURE/>
       <POSPAYMENTTYPE/>
       <GSTPARTYLEDGER/>
       <ORIGPURCHPARTY/>
       <ORIGPURCHPARTYADDRESS/>
       <ORIGPURCHINVNO/>
       <ORIGPURCHNOTE/>
       <ISDEEMEDPOSITIVE>No</ISDEEMEDPOSITIVE>
       <LEDGERFROMITEM>No</LEDGERFROMITEM>
       <REMOVEZEROENTRIES>No</REMOVEZEROENTRIES>
       <ISPARTYLEDGER>Yes</ISPARTYLEDGER>
       <ISLASTDEEMEDPOSITIVE>No</ISLASTDEEMEDPOSITIVE>
       <ISCAPVATTAXALTERED>No</ISCAPVATTAXALTERED>
       <ISCAPVATNOTCLAIMED>No</ISCAPVATNOTCLAIMED>
       <STCRADJPERCENT>0</STCRADJPERCENT>
       <ROUNDLIMIT>0</ROUNDLIMIT>
       <RATEOFADDLVAT>0</RATEOFADDLVAT>
       <RATEOFCESSONVAT>0</RATEOFCESSONVAT>
       <VATTAXRATE>0</VATTAXRATE>
       <VATITEMQTY>0</VATITEMQTY>
       <PREVINVTOTALNUM>0</PREVINVTOTALNUM>
       <VATWCDEDUCTIONRATE>0</VATWCDEDUCTIONRATE>
       <GSTTAXRATE>0</GSTTAXRATE>
       <ORIGINVGOODSQTY>0</ORIGINVGOODSQTY>
       <CAPVATTAXRATE>0</CAPVATTAXRATE>
       <AMOUNT>200.00</AMOUNT>
       <FBTEXEMPTAMOUNT/>
       <VATASSESSABLEVALUE/>
       <VATWCCOSTOFLAND/>
       <VATWCDEDLABOURCHARGES/>
       <VATWCOTHERDEDUCTIONAMT/>
       <VATWCVALUEOFTAXFREEGOODS/>
       <VATWCOTHERCHARGES/>
       <VATWCSUBCONTRACTORAMT/>
       <PREVAMOUNT/>
       <PREVINVTOTALAMT/>
       <VATWCDEDUCTIONAMOUNT/>
       <ORIGINVGOODSVALUE/>
       <CENVATCAPTINPUTAMT/>
       <GSTASSESSABLEVALUE/>
       <IGSTLIABILITY/>
       <CGSTLIABILITY/>
       <SGSTLIABILITY/>
       <GSTCESSLIABILITY/>
       <GSTOVRDNASSESSABLEVALUE/>
       <GSTASSBLVALUE/>
       <ORIGINVGOODSTAXVALUE/>
       <VATWCESTABLISHMENTCOST/>
       <VATWCCONTRACTORPROFIT/>
       <VATWCPLANNINGDESIGNFEES/>
       <VATWCMACHINERYTOOLSCHARGES/>
       <VATWCCONSUMABLESCOST/>
       <VATEXPAMOUNT/>
       <VATASSBLVALUE/>
       <VATACCEPTEDTAXAMT/>
       <VATACCEPTEDADDLTAXAMT/>
       <CASHRECEIVED/>
       <CAPVATASSEABLEVALUE/>
       <CAPVATTAXVALUE/>
       <ORIGPURCHVALUE/>
       <SUPPLYMARGVAL/>
       <DENOMINATIONCOUNT2000X>0</DENOMINATIONCOUNT2000X>
       <DENOMINATIONCOUNT1000X>0</DENOMINATIONCOUNT1000X>
       <DENOMINATIONCOUNT500X>0</DENOMINATIONCOUNT500X>
       <DENOMINATIONCOUNT200X>0</DENOMINATIONCOUNT200X>
       <DENOMINATIONCOUNT100X>0</DENOMINATIONCOUNT100X>
       <DENOMINATIONCOUNT50X>0</DENOMINATIONCOUNT50X>
       <DENOMINATIONCOUNT20X>0</DENOMINATIONCOUNT20X>
       <DENOMINATIONCOUNT10X>0</DENOMINATIONCOUNT10X>
       <DENOMINATIONCOUNT5X>0</DENOMINATIONCOUNT5X>
       <DENOMINATIONCOUNT2X>0</DENOMINATIONCOUNT2X>
       <DENOMINATIONCOUNT1X>0</DENOMINATIONCOUNT1X>
       <DENOMINATIONAMOUNTOTHERS/>
       <CURRPARTYLEDGERNAME/>
       <TEMPVATCLASSIFICATION/>
       <INVOICEROUNDINGDIFFVAL/>
       <VATGCCTAXAMOUNT/>
       <GSTCOMPDUTYAMOUNT/>
       <EXCISETEMPDUTYVAL/>
       <ISVATADJLEDGER/>
       <VATASSESMENTATE>0</VATASSESMENTATE>
       <GSTLEDGERDISCOUNT/>
       <GVATLEDGEREXCISE/>
       <GSTDUTYAMOUNT/>
       <RBVATTAXAMOUNT/>
       <SALESCESSTAXAMOUNT/>
       <SERVICETAXDETAILS.LIST>       </SERVICETAXDETAILS.LIST>
       <BANKALLOCATIONS.LIST>       </BANKALLOCATIONS.LIST>
       <BILLALLOCATIONS.LIST>
        <YEAREND/>
        <NAME>13</NAME>
        <BILLCREDITPERIOD/>
        <TDSDEDUCTEESECTIONNUMBER/>
        <TDSLEDGERNC/>
        <SERVICETAXLEDGER/>
        <BILLTYPE>Agst Ref</BILLTYPE>
        <SUMNAME/>
        <TDSDEDUCTEEISSPECIALRATE>No</TDSDEDUCTEEISSPECIALRATE>
        <TDSDEDUCTEESPECIALRATE>0</TDSDEDUCTEESPECIALRATE>
        <AMOUNT>200.00</AMOUNT>
        <INTERESTCOLLECTION.LIST>        </INTERESTCOLLECTION.LIST>
        <STBILLCATEGORIES.LIST>        </STBILLCATEGORIES.LIST>
       </BILLALLOCATIONS.LIST>
       <INTERESTCOLLECTION.LIST>       </INTERESTCOLLECTION.LIST>
       <OLDAUDITENTRIES.LIST>       </OLDAUDITENTRIES.LIST>
       <ACCOUNTAUDITENTRIES.LIST>       </ACCOUNTAUDITENTRIES.LIST>
       <AUDITENTRIES.LIST>       </AUDITENTRIES.LIST>
       <INPUTCRALLOCS.LIST>       </INPUTCRALLOCS.LIST>
       <DUTYHEADDETAILS.LIST>       </DUTYHEADDETAILS.LIST>
       <EXCISEDUTYHEADDETAILS.LIST>       </EXCISEDUTYHEADDETAILS.LIST>
       <RATEDETAILS.LIST>       </RATEDETAILS.LIST>
       <SUMMARYALLOCS.LIST>       </SUMMARYALLOCS.LIST>
       <STPYMTDETAILS.LIST>       </STPYMTDETAILS.LIST>
       <EXCISEPAYMENTALLOCATIONS.LIST>       </EXCISEPAYMENTALLOCATIONS.LIST>
       <TAXBILLALLOCATIONS.LIST>       </TAXBILLALLOCATIONS.LIST>
       <TAXOBJECTALLOCATIONS.LIST>       </TAXOBJECTALLOCATIONS.LIST>
       <TDSEXPENSEALLOCATIONS.LIST>       </TDSEXPENSEALLOCATIONS.LIST>
       <VATSTATUTORYDETAILS.LIST>       </VATSTATUTORYDETAILS.LIST>
       <COSTTRACKALLOCATIONS.LIST>       </COSTTRACKALLOCATIONS.LIST>
       <REFVOUCHERDETAILS.LIST>       </REFVOUCHERDETAILS.LIST>
       <INVOICEWISEDETAILS.LIST>       </INVOICEWISEDETAILS.LIST>
       <VATITCDETAILS.LIST>       </VATITCDETAILS.LIST>
       <ADVANCETAXDETAILS.LIST>       </ADVANCETAXDETAILS.LIST>
      </ALLLEDGERENTRIES.LIST>
      <ALLLEDGERENTRIES.LIST>
       <OLDAUDITENTRYIDS.LIST TYPE="Number">
        <OLDAUDITENTRYIDS>-1</OLDAUDITENTRYIDS>
       </OLDAUDITENTRYIDS.LIST>
       <ORIGPURCHINVDATE/>
       <NARRATION/>
       <ADDLALLOCTYPE/>
       <TAXCLASSIFICATIONNAME/>
       <NOTIFICATIONSLNO/>
       <SWIFTCODE/>
       <ROUNDTYPE/>
       <LEDGERNAME>CASH</LEDGERNAME>
       <TAXUNITNAME/>
       <STATNATURENAME/>
       <GOODSTYPE/>
       <METHODTYPE/>
       <CLASSRATE/>
       <STATCLASSIFICATIONNAME/>
       <EXCISECLASSIFICATIONNAME/>
       <ISZRBASICSERVICE/>
       <VATCOMMODITYNAME/>
       <SCHEDULE/>
       <SCHEDULESERIALNUMBER/>
       <VATCOMMODITYCODE/>
       <VATSUBCOMMODITYCODE/>
       <VATTRADENAME/>
       <VATMAJORCOMMODITYNAME/>
       <TDSPARTYNAME/>
       <VATPARTYORGNAME/>
       <XBRLADJTYPE/>
       <VOUCHERFBTCATEGORY/>
       <TYPEOFTAXPAYMENT/>
       <VATCALCULATIONTYPE/>
       <VATWORKSCONTRACTTYPE/>
       <VATWCDESCRIPTION/>
       <GSTCLASS/>
       <SCHVIADJTYPE/>
       <GSTOVRDNCLASSIFICATION/>
       <GSTOVRDNNATURE/>
       <GSTOVRDNINELIGIBLEITC/>
       <GSTOVRDNISREVCHARGEAPPL/>
       <GSTOVRDNTAXABILITY/>
       <GSTHSNSACCODE/>
       <VATGOODSNATURE/>
       <POSPAYMENTTYPE/>
       <GSTPARTYLEDGER/>
       <ORIGPURCHPARTY/>
       <ORIGPURCHPARTYADDRESS/>
       <ORIGPURCHINVNO/>
       <ORIGPURCHNOTE/>
       <ISDEEMEDPOSITIVE>Yes</ISDEEMEDPOSITIVE>
       <LEDGERFROMITEM>No</LEDGERFROMITEM>
       <REMOVEZEROENTRIES>No</REMOVEZEROENTRIES>
       <ISPARTYLEDGER>Yes</ISPARTYLEDGER>
       <ISLASTDEEMEDPOSITIVE>Yes</ISLASTDEEMEDPOSITIVE>
       <ISCAPVATTAXALTERED>No</ISCAPVATTAXALTERED>
       <ISCAPVATNOTCLAIMED>No</ISCAPVATNOTCLAIMED>
       <STCRADJPERCENT>0</STCRADJPERCENT>
       <ROUNDLIMIT>0</ROUNDLIMIT>
       <RATEOFADDLVAT>0</RATEOFADDLVAT>
       <RATEOFCESSONVAT>0</RATEOFCESSONVAT>
       <VATTAXRATE>0</VATTAXRATE>
       <VATITEMQTY>0</VATITEMQTY>
       <PREVINVTOTALNUM>0</PREVINVTOTALNUM>
       <VATWCDEDUCTIONRATE>0</VATWCDEDUCTIONRATE>
       <GSTTAXRATE>0</GSTTAXRATE>
       <ORIGINVGOODSQTY>0</ORIGINVGOODSQTY>
       <CAPVATTAXRATE>0</CAPVATTAXRATE>
       <AMOUNT>-200.00</AMOUNT>
       <FBTEXEMPTAMOUNT/>
       <VATASSESSABLEVALUE/>
       <VATWCCOSTOFLAND/>
       <VATWCDEDLABOURCHARGES/>
       <VATWCOTHERDEDUCTIONAMT/>
       <VATWCVALUEOFTAXFREEGOODS/>
       <VATWCOTHERCHARGES/>
       <VATWCSUBCONTRACTORAMT/>
       <PREVAMOUNT/>
       <PREVINVTOTALAMT/>
       <VATWCDEDUCTIONAMOUNT/>
       <ORIGINVGOODSVALUE/>
       <CENVATCAPTINPUTAMT/>
       <GSTASSESSABLEVALUE/>
       <IGSTLIABILITY/>
       <CGSTLIABILITY/>
       <SGSTLIABILITY/>
       <GSTCESSLIABILITY/>
       <GSTOVRDNASSESSABLEVALUE/>
       <GSTASSBLVALUE/>
       <ORIGINVGOODSTAXVALUE/>
       <VATWCESTABLISHMENTCOST/>
       <VATWCCONTRACTORPROFIT/>
       <VATWCPLANNINGDESIGNFEES/>
       <VATWCMACHINERYTOOLSCHARGES/>
       <VATWCCONSUMABLESCOST/>
       <VATEXPAMOUNT/>
       <VATASSBLVALUE/>
       <VATACCEPTEDTAXAMT/>
       <VATACCEPTEDADDLTAXAMT/>
       <CASHRECEIVED/>
       <CAPVATASSEABLEVALUE/>
       <CAPVATTAXVALUE/>
       <ORIGPURCHVALUE/>
       <SUPPLYMARGVAL/>
       <DENOMINATIONCOUNT2000X>0</DENOMINATIONCOUNT2000X>
       <DENOMINATIONCOUNT1000X>0</DENOMINATIONCOUNT1000X>
       <DENOMINATIONCOUNT500X>0</DENOMINATIONCOUNT500X>
       <DENOMINATIONCOUNT200X>0</DENOMINATIONCOUNT200X>
       <DENOMINATIONCOUNT100X>0</DENOMINATIONCOUNT100X>
       <DENOMINATIONCOUNT50X>0</DENOMINATIONCOUNT50X>
       <DENOMINATIONCOUNT20X>0</DENOMINATIONCOUNT20X>
       <DENOMINATIONCOUNT10X>0</DENOMINATIONCOUNT10X>
       <DENOMINATIONCOUNT5X>0</DENOMINATIONCOUNT5X>
       <DENOMINATIONCOUNT2X>0</DENOMINATIONCOUNT2X>
       <DENOMINATIONCOUNT1X>0</DENOMINATIONCOUNT1X>
       <DENOMINATIONAMOUNTOTHERS/>
       <CURRPARTYLEDGERNAME/>
       <TEMPVATCLASSIFICATION/>
       <INVOICEROUNDINGDIFFVAL/>
       <VATGCCTAXAMOUNT/>
       <GSTCOMPDUTYAMOUNT/>
       <EXCISETEMPDUTYVAL/>
       <ISVATADJLEDGER/>
       <VATASSESMENTATE>0</VATASSESMENTATE>
       <GSTLEDGERDISCOUNT/>
       <GVATLEDGEREXCISE/>
       <GSTDUTYAMOUNT/>
       <RBVATTAXAMOUNT/>
       <SALESCESSTAXAMOUNT/>
       <SERVICETAXDETAILS.LIST>       </SERVICETAXDETAILS.LIST>
       <BANKALLOCATIONS.LIST>       </BANKALLOCATIONS.LIST>
       <BILLALLOCATIONS.LIST>       </BILLALLOCATIONS.LIST>
       <INTERESTCOLLECTION.LIST>       </INTERESTCOLLECTION.LIST>
       <OLDAUDITENTRIES.LIST>       </OLDAUDITENTRIES.LIST>
       <ACCOUNTAUDITENTRIES.LIST>       </ACCOUNTAUDITENTRIES.LIST>
       <AUDITENTRIES.LIST>       </AUDITENTRIES.LIST>
       <INPUTCRALLOCS.LIST>       </INPUTCRALLOCS.LIST>
       <DUTYHEADDETAILS.LIST>       </DUTYHEADDETAILS.LIST>
       <EXCISEDUTYHEADDETAILS.LIST>       </EXCISEDUTYHEADDETAILS.LIST>
       <RATEDETAILS.LIST>       </RATEDETAILS.LIST>
       <SUMMARYALLOCS.LIST>       </SUMMARYALLOCS.LIST>
       <STPYMTDETAILS.LIST>       </STPYMTDETAILS.LIST>
       <EXCISEPAYMENTALLOCATIONS.LIST>       </EXCISEPAYMENTALLOCATIONS.LIST>
       <TAXBILLALLOCATIONS.LIST>       </TAXBILLALLOCATIONS.LIST>
       <TAXOBJECTALLOCATIONS.LIST>       </TAXOBJECTALLOCATIONS.LIST>
       <TDSEXPENSEALLOCATIONS.LIST>       </TDSEXPENSEALLOCATIONS.LIST>
       <VATSTATUTORYDETAILS.LIST>       </VATSTATUTORYDETAILS.LIST>
       <COSTTRACKALLOCATIONS.LIST>       </COSTTRACKALLOCATIONS.LIST>
       <REFVOUCHERDETAILS.LIST>       </REFVOUCHERDETAILS.LIST>
       <INVOICEWISEDETAILS.LIST>       </INVOICEWISEDETAILS.LIST>
       <VATITCDETAILS.LIST>       </VATITCDETAILS.LIST>
       <ADVANCETAXDETAILS.LIST>       </ADVANCETAXDETAILS.LIST>
      </ALLLEDGERENTRIES.LIST>
      <PAYROLLMODEOFPAYMENT.LIST>      </PAYROLLMODEOFPAYMENT.LIST>
      <ATTDRECORDS.LIST>      </ATTDRECORDS.LIST>
      <GSTEWAYCONSIGNORADDRESS.LIST>      </GSTEWAYCONSIGNORADDRESS.LIST>
      <GSTEWAYCONSIGNEEADDRESS.LIST>      </GSTEWAYCONSIGNEEADDRESS.LIST>
      <TEMPGSTRATEDETAILS.LIST>      </TEMPGSTRATEDETAILS.LIST>
     </VOUCHER>
    </TALLYMESSAGE>
    <TALLYMESSAGE xmlns:UDF="TallyUDF">
     <COMPANY>
      <REMOTECMPINFO.LIST MERGE="Yes">
       <NAME>0104ec5d-3a78-4045-b472-e46e6308b8a0</NAME>
       <REMOTECMPNAME>Hk SELF LEDGER WISE</REMOTECMPNAME>
       <REMOTECMPSTATE>Delhi</REMOTECMPSTATE>
      </REMOTECMPINFO.LIST>
     </COMPANY>
    </TALLYMESSAGE>
   </REQUESTDATA>
  </IMPORTDATA>
 </BODY>
</ENVELOPE>
